Order_ID,Date,Customer_Name,Region,Category,Quantity,Sales,Profit,Month,Profit_Percentage
67a9c378-7c65-41e5-82e2-e662f728b4fa,11/24/2023,Steve Williams,North,Books,3,904.49,76.78,November,0.084887616
37ebdcd9-e87a-4613-a443-df789558867f,12/23/2023,Elizabeth Woods,South,Electronics,10,700.03,40.21,December,0.057440395
e8e5216a-fcbd-44c3-8021-2ef7cca5a5a1,7/16/2023,Charles Davis,South,Groceries,10,1520.14,89.53,July,0.058895891
d9b8a714-e61a-441c-92e0-c8b2bad640fb,7/26/2023,Dr. Stephanie Collins,West,Books,4,121.88,16.44,July,0.134886774
e9bb17bc-a3f2-49bf-9c63-16b950f24455,9/23/2023,Justin Gomez,North,Clothing,5,1579.85,175.42,September,0.111035858
eb2083e6-ce16-4dba-8ff1-8e0242af9fc3,3/21/2023,Karen Grimes,West,Groceries,10,329.32,62.36,March,0.189359893
ab0c1681-c8f8-43d0-9329-0a4cb5d32b16,8/2/2023,Anna Larsen,South,Books,5,696.5,54.28,August,0.07793252
b421eaeb-5340-47ca-baf3-897a3e70f16a,8/31/2023,Johnny Dillon,South,Sports,7,1685.88,295.59,August,0.175332764
cd9d2b7d-247a-4333-b7b0-b7d2cda8056c,12/5/2023,Thomas Walker,South,Sports,10,911.95,53.58,December,0.058753221
7d41e602-eece-428b-bf7b-118e820865d6,7/30/2023,Bobby Flores,North,Clothing,9,1832.25,154.23,July,0.084175194
8a5006c1-ec18-4efb-9080-e66e552f233a,2/12/2023,Eddie Martinez,West,Clothing,3,1035,139.91,February,0.135178744
cc457821-98a6-416d-9775-336d71eacd05,3/20/2023,Lindsey Matthews,South,Clothing,5,1136.89,226.66,March,0.199368453
9cdeb3e6-0870-415c-afcd-81b5d24bace4,5/30/2023,David White,East,Books,6,1979.79,128.62,May,0.064966486
ec62b2c8-2648-4e38-a074-05eb215663ab,9/13/2023,Benjamin Shelton,North,Sports,10,1660.54,179.58,September,0.108145543
d67e55fd-642b-4a42-aef9-c00b8a64c1b9,1/16/2023,Stephanie Leblanc,East,Clothing,5,234.65,43.86,January,0.186916684
96fd35d0-adf2-4806-a521-460637176e84,10/1/2023,Kelly Young,South,Electronics,8,133.16,24.36,October,0.182937819
b341facd-ff0a-40f1-a425-799aa905d750,11/17/2023,Lauren Hayes,East,Home Decor,5,118.55,28.37,November,0.239308309
d8570102-55d4-4936-a151-5607964a870c,12/23/2023,Mrs. Erika Wilson,South,Electronics,2,1449.02,188.87,December,0.130343266
2ba4b180-cb69-4a38-9f3f-563838701a14,3/15/2023,Nicholas Wilson,North,Sports,4,1732.46,260.92,March,0.150606652
0b9475b1-3801-4b47-b29a-8b06daf66c5f,5/10/2023,Antonio Logan,East,Home Decor,7,410.68,90.62,May,0.22065842
1fdb8b32-06d5-49e8-92f1-75ffae3b16ec,11/14/2023,Susan Ferguson,South,Books,4,1957.57,249.76,November,0.127586753
fb0323a1-d576-4415-9ec1-7dbe176ea1b1,9/4/2023,Ronald Wilson,West,Home Decor,4,1722.44,243.9,September,0.141601449
7aaf0e89-1fb7-47fa-b7d6-467b2f5a522a,2/15/2023,Alex Woodward,North,Electronics,6,212.38,49.03,February,0.23085978
19fbeb1d-9edf-43da-acf5-5b158b53031d,3/23/2023,Amy Shelton,South,Groceries,5,738.9,74.61,March,0.100974421
0fa07a3f-2e29-4065-afa2-31e959acdd98,11/21/2023,Daniel Lucas,East,Groceries,6,1801.94,300.69,November,0.166870151
5bca47be-4298-47c5-b308-fb2e642aad48,7/15/2023,Kyle Lyons,North,Electronics,1,1270.18,122.72,July,0.096616228
3412fc12-ac32-4c12-b29c-467d2b5f6932,12/18/2023,Sara Sellers,South,Home Decor,1,749.54,144.41,December,0.192664834
1e01a934-402d-4baf-878b-9f6b57a1cb71,10/26/2023,Michael Bruce,South,Books,7,625.1,129.89,October,0.207790753
91b15f5d-e66c-436e-a8ef-8f5fae68690a,8/20/2023,Mary Smith,East,Books,6,148.12,17.38,August,0.117337294
27460f22-403d-4f83-a859-890cd670f668,12/6/2023,Emily Howard,South,Groceries,7,695.83,83.21,December,0.119583806
47e7f593-8b58-45ca-8bb2-c3f0bd30291a,8/6/2023,Judith Miller,North,Electronics,3,870.52,180.87,August,0.207772366
971c702d-5bf4-4c04-ac64-2b4c49b25ded,2/22/2023,Troy Bell,South,Sports,1,568.71,62.37,February,0.109669251
d432f8db-6a17-4c1c-bf9c-c545635518f7,12/13/2023,Lisa Baldwin,South,Clothing,1,1532.2,150.73,December,0.098374886
a32c9b6f-391c-4046-bd4a-5d5128fafd04,9/10/2023,Kristopher Hale,North,Sports,4,844.12,99.54,September,0.117921623
df26f517-66fa-4989-8813-5d586a1689ad,6/24/2023,Shawn Carroll,South,Clothing,9,147.21,17.07,June,0.115956796
425cb200-105a-4a6b-b202-99e32a69acc7,9/30/2023,Patricia Fletcher,North,Books,10,986.55,235.09,September,0.238295069
0004884c-c167-433f-9a9e-43108fb83bab,9/30/2023,Joseph Freeman,West,Books,4,481.68,48.91,September,0.101540442
e00111e5-d29d-45df-8f1d-a1100cc36d8c,12/10/2023,Gabriel Monroe,South,Sports,4,1235.1,172.81,December,0.139915796
b9bdee2d-d663-449d-955e-18b1fa83ada4,11/12/2023,Joshua Mccarty,East,Groceries,2,1223.1,253.99,November,0.207660862
c1378be5-b7a2-4e0a-83a8-987936a98d74,2/20/2023,Mrs. Meghan Stewart,South,Groceries,7,1675.78,227.89,February,0.135990404
dfa7c6ed-32d1-481b-a636-425c9bbd750d,1/1/2023,Miss Lisa Lee,West,Groceries,9,207.22,39.4,January,0.190136087
a0acf4c9-658d-417e-ac3a-a314da9bb017,4/28/2023,William Garcia,East,Clothing,8,1431.57,211.27,April,0.147579231
2227d96d-41a9-4f90-9c82-15271da3b7e2,2/1/2023,Thomas Marsh,South,Clothing,10,387.4,33.67,February,0.086912752
d9ead926-4745-4d9e-a789-6389df3277fd,9/11/2023,Marilyn Reed,South,Sports,6,1326.56,125.18,September,0.094364371
f03d866a-5dec-406a-b24d-fdd850910bdc,1/8/2023,Daniel Green,North,Electronics,7,1020.11,125.61,January,0.12313378
7e969cf3-a7c5-4b87-9b8b-71a1b38a05fb,8/9/2023,Amanda Curry,East,Sports,5,1549.5,205.51,August,0.132629881
35354579-2da4-4da1-89b5-b368df14c612,10/4/2023,Judy Graham,West,Groceries,3,786.63,182.83,October,0.23242185
5e00ea6d-ca24-4e4d-9667-2017555a4085,5/26/2023,Alexa Hernandez,South,Electronics,5,1085.88,57.89,May,0.0533116
fb5eb866-2640-411e-a9f2-c3c74505f4f6,10/7/2023,Richard Johnson,West,Clothing,1,1490.88,186.73,October,0.125248176
bb0378eb-7a62-422e-9d69-d9fc4b1cb8bd,8/15/2023,James Kelley,South,Groceries,5,1348.77,250.43,August,0.185672872
673617d9-4d7b-4307-9224-11e6ba8982dd,4/4/2023,Elizabeth Vincent,East,Groceries,4,399.74,86.02,April,0.215189873
564ae909-7958-4e69-bb2e-1b82e89dc815,11/21/2023,Jason Garcia,North,Clothing,1,1627.73,113.12,November,0.069495555
6d316b4a-7f6b-4793-b318-ad4c1db2b452,11/23/2023,Robin Martinez,North,Books,7,536.84,49.17,November,0.091591536
90823eda-a072-4aa0-aaa3-6cf7eb70ba65,1/15/2023,Nicholas Kline,East,Groceries,2,149.64,9.32,January,0.062282812
bff773ce-32b2-4492-95ac-e7a1ceca2ee3,5/26/2023,Wendy Miller,West,Groceries,9,445.75,88.49,May,0.198519349
eb8f2056-72d3-4c5d-8a31-b24384dd6da6,3/27/2023,Adam Long,North,Home Decor,1,741.6,111.03,March,0.149716828
fd0ba70e-385a-4463-9e4a-f862156af458,7/9/2023,Michelle Robinson,North,Groceries,5,480.74,66.44,July,0.138203603
dd138266-d26d-4396-9058-fe8c1d7173e5,4/12/2023,Carol Lee,South,Clothing,10,821.81,111.6,April,0.135797812
7f411fed-1e70-4799-b3a1-d1c2ad4ab155,11/28/2023,Stephanie Hayes,East,Books,5,125.96,7.21,November,0.057240394
25777cf0-9f98-4188-b744-da64cc249558,6/4/2023,Martin Shea,West,Books,7,1646.06,203.52,June,0.123640694
98a33736-fd1a-47ce-9ad0-a6f226bdd974,2/10/2023,James Payne,West,Books,8,646.75,81.02,February,0.125272516
ade7cef3-7ed2-4c2f-856f-3d95e0ae1a1b,7/9/2023,Jared Frazier,North,Home Decor,3,898.75,62.36,July,0.069385257
33b5b3ce-dfec-4623-ab89-9605a2939b3b,12/23/2023,Sandra Bolton,North,Home Decor,10,782.36,105.18,December,0.134439389
51797350-e625-4403-bf3d-f0bbf66ac168,7/30/2023,Colleen Peterson,South,Electronics,5,325.22,33.84,July,0.104052641
d7a3283c-27e9-49e2-88bf-23fb9a431f7a,11/14/2023,Joseph Baxter,South,Home Decor,4,484.14,82.72,November,0.170859669
843b2a7d-15ab-4c21-8cc9-3ff710fce97d,5/28/2023,Michelle Roman,West,Sports,4,1532.96,356.84,May,0.232778416
d80d6a1c-c247-4fd6-83e9-ba024cea2df0,12/4/2023,Andrea Anderson,West,Groceries,10,649.87,129.36,December,0.199055196
5f0ef320-f7f6-4e7f-b5f2-bc20a7f5195c,6/24/2023,Christopher Hernandez,North,Groceries,3,449.55,22.51,June,0.050072295
ce1bb02a-cb4d-48d6-adb6-da351734a26c,7/16/2023,Joseph Johnson,North,Electronics,2,1406.19,162.8,July,0.115773829
4a276dda-34c3-494a-812e-a9b8e7e13ed8,7/21/2023,Wanda Burgess,East,Electronics,10,1390.84,291.9,July,0.20987317
63794035-f8e4-4086-8a81-9c6fd872298c,7/27/2023,Jennifer Kaufman,West,Clothing,7,130.1,20.6,July,0.158339739
bda17da2-000f-463d-a2a0-1335a83023ab,8/24/2023,Sarah Yates,East,Groceries,8,1981.63,483.35,August,0.243915363
f164f9d8-4312-4ce2-9c21-51e17e56ac3d,3/12/2023,Kelly Cook,West,Clothing,1,856.54,164.53,March,0.192086768
ef7e85ec-a417-456f-a9ee-7f3d0ff030b8,11/17/2023,Jason Patrick,South,Sports,4,443.83,76.72,November,0.172858978
6af944e0-7b38-485b-8932-f5b6f11ddff7,2/19/2023,Nicholas Cook,East,Clothing,7,1247.43,98.64,February,0.079074577
5a4f4145-fc98-4279-8f6f-111c26c06e67,2/24/2023,Scott Love DDS,South,Sports,8,1120.28,205.62,February,0.1835434
26c00984-c734-4b05-b88c-31f619faa06e,6/9/2023,John Ellis,South,Home Decor,1,523.25,117.2,June,0.223984711
a6245b59-8c94-4f98-b338-6c3e1af4787f,1/8/2023,Luis Soto,South,Sports,2,1046.91,187.22,January,0.178831036
9c30ceaa-0f66-432d-a19b-58371c6a4b5e,5/15/2023,Richard Waters,South,Sports,1,605.1,67.78,May,0.112014543
b6af98b2-aeba-42d0-b830-32491fd3af07,9/30/2023,Mark Morgan,South,Groceries,4,248.11,16.5,September,0.066502761
eab9221b-4b36-4545-8ca1-a034633cbf79,8/30/2023,Samuel Mullen,East,Home Decor,9,1898.29,451.88,August,0.23804582
feef71cb-c915-4113-9c45-488d84dda9b9,10/17/2023,Melanie Patrick,North,Home Decor,1,956.89,81.6,October,0.08527626
ca20854d-5b47-4c43-b499-b28c30c32323,3/15/2023,James Watson,North,Sports,10,1101.92,151.84,March,0.137795847
06d2ed7c-e6ac-4d8a-8160-ff927c7550f2,9/3/2023,Andrew Villa,East,Groceries,7,936.51,187.43,September,0.200136678
e27ac8e9-d1c3-41bc-86be-643217ee0eb0,7/21/2023,Laura Robinson,South,Sports,6,1185.48,235.66,July,0.198788676
1d0ab994-f20b-475d-8e28-e67481d1bf06,12/12/2023,Kathryn Mills,North,Books,5,1919.53,242.07,December,0.126108995
101bb5fa-6a67-4623-9ad1-daaaef8d9ff0,2/26/2023,Keith Livingston,South,Books,2,1190.77,143.15,February,0.120216331
afb918c8-6e5b-4c20-b25c-2675ca9571e4,2/8/2023,Christopher Blevins,North,Home Decor,4,1424.29,147.31,February,0.103426971
5a3da367-141b-4a1b-80a9-78bfb8f8903b,6/11/2023,Thomas Rivers,West,Home Decor,3,1168.79,270.42,June,0.231367483
f96d4403-d48c-43f3-828d-042b2d8b5b41,1/28/2023,Michael Reed,North,Books,1,1708.18,403.56,January,0.236251449
a8b56f85-346d-4b7e-80d3-d1af353e0c86,3/31/2023,Andrea Barry,North,Sports,9,357.11,85.72,March,0.240038084
064f768d-b080-4003-9e7f-503c4b1347f6,9/19/2023,Stephanie Adkins,North,Home Decor,6,1118.42,257.63,September,0.230351746
b51d70d8-582d-4972-ba08-9ca81cc5a8a0,12/29/2023,Shannon Lopez,South,Sports,4,1180.74,72.36,December,0.061283602
4bdd5f99-4ae9-4e11-b5fe-0213792ecd75,4/11/2023,Vincent Cox,West,Books,2,1111.38,208.8,April,0.187874534
1a42b629-14af-4646-be32-16bd97d01e70,12/30/2023,Kristen Murphy,East,Home Decor,6,852.74,202.04,December,0.236930366
390a9016-cdec-45da-a00f-7753f217faac,7/27/2023,Brooke Hurst,West,Home Decor,1,71.76,12.49,July,0.174052397
0bd7696f-a9c7-4e7b-ab77-0df15f59aa2c,5/3/2023,Cynthia White,East,Groceries,5,498.4,88.16,May,0.176886035
4ca49aaf-6b94-4e09-a1cc-14b312bdf75f,12/1/2023,Alex Miller,West,Home Decor,2,858.64,168.44,December,0.196170689
15a5712c-5ac4-46c7-a310-34dd4c4b91fe,8/2/2023,Timothy Garza,West,Home Decor,1,1476.87,176.87,August,0.119760033
02284fd9-689b-4a65-a05d-d4d60ecfb95b,4/7/2023,Jacob Rush,North,Sports,3,1297.09,317.38,April,0.244686182
788c161e-f3cc-4d8a-8b16-78e45f20f406,6/12/2023,Stephanie Alexander,East,Groceries,4,661.19,122.14,June,0.184727537
27649a62-b02d-452c-9b05-0db28ee4fd02,2/5/2023,Rebecca Hill,West,Electronics,1,453.83,105.92,February,0.233391358
3f7a2748-2cbb-43c2-ae84-f8ea6bf4d047,11/6/2023,Tanya Lopez,North,Clothing,3,1345.7,114.11,November,0.084796017
7bb8c2f1-1624-4318-a326-52e8a1ab17c0,6/26/2023,Joseph Kelly,West,Electronics,6,1719.19,400.52,June,0.232970178
37fef6b5-01fd-4698-b646-57ca9e65736c,10/21/2023,Aaron Hale,North,Home Decor,10,292.86,50.22,October,0.171481254
b4cfafa8-6c98-473d-a7fe-1b4b9bf1f1d1,4/26/2023,William Turner,North,Sports,1,313.09,78.2,April,0.249768437
67c21355-c312-4af6-8b32-992a3b7c1f9a,10/19/2023,Michael Wolf,North,Sports,6,640.19,45.36,October,0.070853965
41aef3f7-0010-4824-8a61-4be3ab2212c9,4/19/2023,Alison Nelson,South,Groceries,9,706.39,109.17,April,0.154546355
5a9414b8-40aa-4c7a-bf1d-f6871a1ec042,6/4/2023,Lauren Foster,North,Electronics,9,1808.24,439.67,June,0.243148033
cad00273-1209-41ea-8913-508715d38ca9,4/21/2023,Megan Gonzalez,North,Electronics,1,692.5,69.52,April,0.100389892
c31277fd-eb83-4f16-a404-d8083fc18c00,4/12/2023,Gerald Moreno,West,Sports,5,1841.19,180.69,April,0.098137618
a08c3a00-85e7-4250-92f0-78b822696227,3/5/2023,Scott Campbell,South,Sports,6,1262.68,310.94,March,0.246253999
e76f8a76-c74f-41cd-bdce-29ef674610eb,3/23/2023,Jennifer Walters,North,Groceries,7,1733.28,190.43,March,0.109866842
b270af55-1f90-48d5-a835-bcdb2347b24f,11/3/2023,Jeremy Carroll,North,Books,1,285.08,35.1,November,0.123123334
a1d20ebc-5aa3-492a-8c88-b9d8ab12fb53,2/16/2023,Kevin Taylor,South,Home Decor,7,734.58,50.1,February,0.068202238
a6ed0ac0-7e22-41b7-9178-30328066b49b,7/3/2023,Claudia Burns,East,Sports,4,1691.27,302.48,July,0.178847848
068a3c38-3739-476a-9f03-2cdce32866d3,1/24/2023,Charles Simpson,East,Books,1,1561.19,198.73,January,0.127293923
afd86432-1103-4083-ba99-9f9b86de3365,5/19/2023,Stephen Smith,West,Groceries,10,310.46,34.47,May,0.111028796
0a8aa1e4-5c7c-4c62-81a4-f7a165264961,12/3/2023,Travis Middleton,South,Groceries,5,1267.1,197.93,December,0.156207087
e695f8ba-ba23-48fe-8ae3-02f3b31e9be8,2/15/2023,Zoe Marks,West,Books,8,1355.32,255.99,February,0.188877903
5487b5c3-b762-4f49-b5fd-35376f1bdd07,3/30/2023,Kenneth Lee,South,Electronics,6,1843.04,334.94,March,0.181732355
eee84bcb-7281-48a9-a5e4-979d6f6ddf79,5/30/2023,Javier Prince,South,Home Decor,1,88.22,17.82,May,0.201995012
ca1209ad-5963-45b3-b1b2-21e42fd3b9f2,10/3/2023,Eugene Clark,North,Groceries,7,606.64,45.84,October,0.075563761
f0a61c5e-7074-41d4-b239-d04bcbab5b51,6/1/2023,John Blair,East,Books,4,204.1,15.5,June,0.075943165
defa7864-15ac-45c3-a217-cf253be95767,3/21/2023,Amber Price,South,Groceries,5,1443.65,268.67,March,0.186104665
9ccd3e1f-4c2a-4daa-9c5c-11eb3baa17f9,3/14/2023,Patrick Byrd,West,Electronics,7,1828.14,200.6,March,0.109729014
6953a115-5a62-4dc4-a209-1f49e0a10d2b,2/3/2023,Kayla Mitchell,East,Sports,5,1640.98,100.56,February,0.061280454
ee04bdde-8c14-4838-b468-60a2a604e5af,6/27/2023,Michael Wade,West,Groceries,4,585.29,127.06,June,0.217088964
56525ce0-3725-4d0c-b9c4-5c38b440ffe0,10/13/2023,Lauren Henry,East,Home Decor,6,53.46,11.05,October,0.206696596
23f1b67e-01d3-4690-a795-ac544a30f7cd,4/14/2023,Anthony Bailey,North,Clothing,6,1929.07,329.95,April,0.171040968
3891aef5-ebe0-472c-8ec9-ea986581f934,1/25/2023,Melanie Arellano,North,Electronics,9,1949.72,396.84,January,0.203536918
52ab793f-51ab-45e5-8b77-5e2415eb3a3d,6/26/2023,Lee Obrien,North,Sports,5,279.65,21.12,June,0.075522975
14827a89-5e63-44c6-b0ac-79dd0b5aafef,7/28/2023,Frederick Johnson,West,Home Decor,3,629.77,59.15,July,0.093923178
bc5074ac-baa1-42ac-ac33-f6444053b188,3/23/2023,Haley Hood,West,Electronics,4,1442.57,237.68,March,0.164761502
3d6e2667-b665-4d6e-9f39-ccaa580c79fc,4/28/2023,Scott Scott,West,Books,10,700.42,138.19,April,0.197295908
0c26e5d9-702d-488a-b97f-b3bb7ecc040c,1/18/2023,Juan Smith,North,Books,9,1331.36,86.5,January,0.064971157
3dbba3af-14db-4d22-95ea-e9d21e3d59d0,12/23/2023,Veronica Stevens,East,Electronics,10,1258.5,169.05,December,0.134326579
13bfa9fe-9cdd-4f6c-b0cd-c4a836a5be06,2/8/2023,Brittany Henson,East,Books,10,1706.05,87.58,February,0.051334955
3fee2fc7-2e2d-4fdf-b57b-8a920a12f3b3,11/14/2023,Paul Calderon,South,Books,2,1874.63,462.62,November,0.246779364
6f51ea78-fea2-433a-91d1-1bcd5a23754b,7/10/2023,Ryan Ramirez,South,Electronics,3,529.86,120.37,July,0.227173216
c707e77b-4bf0-4e53-b608-8c973380dcfc,2/11/2023,Donna Weaver,North,Home Decor,9,1433.23,87.16,February,0.060813687
1e651ac1-043d-4c47-bb56-735e45c596d4,6/21/2023,Julia Walters,North,Books,10,1000,186.05,June,0.18605
e139d15d-48d8-49ef-b7d3-16a43fafa217,8/27/2023,Annette Quinn,North,Electronics,9,1613.06,168.84,August,0.104670626
a52ba0ce-627b-485f-9f2d-e2750cbdc014,10/13/2023,Abigail Nichols MD,South,Electronics,4,893.66,53.33,October,0.059675939
8bf06f64-b417-4592-b76f-c5b2acc512df,4/16/2023,Omar Howard,West,Clothing,5,1987.71,200.33,April,0.10078432
acb5959f-4eb9-4768-84a5-b1c31095e497,9/14/2023,Patrick Valenzuela,West,Clothing,8,362.24,43.46,September,0.119975707
03f7ba05-cf4b-4315-a325-4d812bdfb727,5/8/2023,Mark Mitchell,West,Sports,7,749.46,46.31,May,0.061791156
6544c97d-e078-4f97-a13c-121ccfdef303,8/3/2023,Holly Walters,East,Home Decor,3,1428.63,138.47,August,0.096925026
ea455fc7-c80c-4483-b4dd-7624c3d9b3b0,3/2/2023,Kayla Jones,North,Clothing,7,851.8,73.47,March,0.086252641
c28d2ad5-3bd3-447d-90f0-c75d21d32e24,10/28/2023,Randall Costa II,West,Books,7,1896.33,208.81,October,0.110112691
9db3466d-1ba6-4c61-aaf9-4919e69b7971,5/30/2023,Kevin Fuller,South,Sports,7,218.01,29.44,May,0.135039677
3856be31-f568-49c6-833c-14694f06ea18,11/20/2023,Kyle Burns,West,Books,1,1403.11,101.32,November,0.072211017
8bc88bcf-7b1d-4049-bcc4-616df40d2a37,8/4/2023,Mary Simpson,East,Sports,10,1996.15,143.3,August,0.071788192
d25ab049-30e9-4e17-b413-420866dfeb1e,5/2/2023,Angela Taylor,West,Books,9,331.76,30.4,May,0.091632505
bf401e04-b9f9-4ec6-90ae-265209cd3bdf,5/3/2023,Janet Brown,East,Sports,3,1220.23,171.85,May,0.140834105
581ba307-4296-4873-b9d5-b552a867a0f0,4/7/2023,Jeremy Swanson,West,Sports,3,974.06,228.96,April,0.235057389
26b61b06-a164-4f58-bb78-eb2d0ee5144d,9/18/2023,Alan Berry,South,Sports,2,824.02,90.27,September,0.109548312
f20e8bda-39cc-4d88-832f-594d0b82b61c,5/18/2023,Mark Johnson,South,Electronics,5,1734.52,133.24,May,0.076816641
e47638ec-22c7-4d04-ac32-faffa9fa4ea6,9/11/2023,Roberto Cooper,East,Electronics,4,335.49,68.39,September,0.203851083
ba626aee-542d-49c0-a629-d3322d4ba5a4,12/25/2023,Jeffrey Howard,North,Books,3,999.14,168.01,December,0.168154613
cdfa4cc8-8805-4e31-88a0-edce4384860c,11/1/2023,Janet Ortiz,East,Home Decor,6,765.34,112.64,November,0.147176418
63eaa07f-f436-498e-a8af-e2b81f626a97,10/13/2023,Dr. Olivia Cunningham,North,Groceries,5,1545.53,195.01,October,0.126176781
b3191702-bb80-498d-970d-a545839137a6,3/8/2023,Charles Melton,East,Home Decor,1,208.26,30.22,March,0.145107078
05a02c72-f22a-4fc6-bf2d-e8a82d20481a,2/27/2023,David Clayton,West,Groceries,9,154.64,38.61,February,0.249676668
1417d4f9-b7c1-44fb-ab16-ad048fb87c76,11/10/2023,Natalie Massey,North,Groceries,10,299.18,67.44,November,0.225416137
9d6c84af-266b-4d37-b5c9-9b49751f7e54,6/15/2023,Linda Oliver,East,Groceries,8,100.82,7.87,June,0.078059909
eeb3462c-a032-449d-86fa-fb60606375b8,8/22/2023,Gerald Rojas,North,Groceries,6,130.68,32.52,August,0.248852158
81e774de-3c74-4119-b547-24dd269b6c3b,12/12/2023,Brandon Carter,West,Groceries,5,756.72,105.2,December,0.139021038
6480fdc0-f1c5-4f44-be08-3c1bcda6a326,5/19/2023,Paul Morgan,South,Clothing,5,441.04,107.9,May,0.244649011
88239867-c5dd-467b-88f1-100bfa3222c4,1/6/2023,Steven Pierce,East,Home Decor,1,1590.54,232.11,January,0.14593157
675e0c52-1eb9-4739-b8ac-dd816522ff46,8/10/2023,Taylor Johnson,West,Electronics,5,446.94,73.88,August,0.16530183
b3e4bd3a-94fe-41a0-ae2e-45a4ae4404d7,5/15/2023,Alex Singh Jr.,West,Books,5,622.95,33.49,May,0.053760334
571c9d78-8429-4eae-877e-5ea1c33993f2,10/29/2023,Whitney Gill,East,Clothing,9,1182.06,287.45,October,0.243177165
ce0755e3-5456-4b12-bb52-451d90e7e1a1,5/30/2023,Valerie Clark,East,Sports,8,410.28,96.19,May,0.234449644
ea96abe6-299c-416b-9a75-83c0e02a35e9,12/26/2023,Michael Patel,East,Books,5,736.97,49.18,December,0.066732703
0d1f0a7f-d0fc-4922-95be-263b0253dc8c,12/4/2023,Erin Burgess,North,Sports,3,574.39,104.67,December,0.182228103
c8649f78-7eaf-4679-92b0-49944b1dd9fd,8/8/2023,Gregory Carter,South,Electronics,8,1447.51,210.74,August,0.145587941
711fa10a-0b29-45c6-918f-f3582408c3c2,6/6/2023,Victoria Smith,South,Home Decor,8,1184.48,289.15,June,0.244115561
d181d9bf-aa09-4a46-b25a-3c68e8ef99e9,2/18/2023,Adam Griffith,North,Groceries,1,1487.54,161.55,February,0.108602122
47595b01-6c83-4975-afa2-ce128c833848,9/15/2023,Nicole Lopez,East,Groceries,10,466.1,46.57,September,0.099914182
f110397a-1c2c-4a34-9466-5d45284b7bcd,11/19/2023,Christopher Hopkins,North,Clothing,10,374.6,64.24,November,0.171489589
48f3531c-4fb7-43bb-8408-c04c6f446806,7/15/2023,Kimberly Cruz,North,Electronics,1,1383.85,128.39,July,0.092777396
86fadb0e-89b1-40d4-8218-ca25f23db306,1/6/2023,William Robbins,South,Books,2,1883.56,146.07,January,0.077549959
d840fccb-2446-4cee-8aa0-a6796e83a7b2,8/4/2023,Gordon Thornton,East,Electronics,6,1765.89,418.92,August,0.237228819
62574c5a-9033-44bf-8812-36e6ec77cfc8,1/3/2023,Brittney Guerrero,North,Clothing,10,1600.34,244.94,January,0.153054976
cddb2316-cc68-4d3f-9d37-da5ca2fc7fe3,5/21/2023,Andrew Gaines,East,Groceries,2,546.85,108.42,May,0.198262778
31cb5e8e-ae25-42ca-a894-8b4cf0fcccc6,10/23/2023,Alan Rice,East,Books,5,421.63,40.72,October,0.096577568
e44a01f6-9251-4d08-bfcb-34fabc39e1b3,9/3/2023,Michael Smith,South,Home Decor,1,1241.16,83.27,September,0.067090464
3c9a9236-72bb-47b3-92b9-573113f2dc86,4/5/2023,Tony House,West,Books,1,320.22,63.61,April,0.198644682
f53fc3dd-19b5-4b7f-b47a-5dcecf709452,10/16/2023,Sharon Jacobson,North,Groceries,10,1596.95,348.7,October,0.218353737
4598244b-f0bd-4405-a50d-d400a27ee80d,3/15/2023,Thomas Reilly,South,Clothing,10,1874.02,252.31,March,0.134635703
07b6e28f-4e98-4e25-9733-7a7c53e83663,4/9/2023,Peter Kelly,North,Groceries,7,922.39,64.75,April,0.070198072
a2a7d0fc-c683-4d33-af84-439262f9dbb2,7/11/2023,David Farmer,North,Books,10,170.45,18.59,July,0.109064242
d47133e7-5ac5-44f0-b71e-c087952b1ee1,8/31/2023,Melissa Carson,North,Books,4,800.98,56.76,August,0.070863193
ebc16f69-7946-4978-a5e9-675306389bd3,8/9/2023,Michael Murphy,North,Home Decor,7,1379.69,76.51,August,0.055454486
30d6863f-11c2-42d8-8126-77895c6be596,7/22/2023,Brad Hancock,West,Books,7,174.58,28.26,July,0.161874212
f45aa79b-d855-4b35-9763-b159ed9a189a,10/6/2023,Joshua Williams,East,Books,2,1178.23,124.83,October,0.105947056
680aee2a-466b-406f-a2b4-d215c3c5707d,1/10/2023,Taylor Joyce,East,Clothing,1,1832.08,179.22,January,0.097823239
201910c6-29b4-4664-8f52-361d82f1240d,9/18/2023,Charles Delacruz,South,Books,3,316.6,40.58,September,0.128174352
bad4c288-0bf5-4ed8-b93c-2989c399fd7f,12/13/2023,John May,West,Home Decor,10,597.65,91.48,December,0.153066176
f31e2448-6323-457f-a197-b954b2835498,11/16/2023,Samantha Vazquez,West,Home Decor,3,920.84,151.31,November,0.164317362
43fd46ff-d034-49a4-aca7-23c48f4ed442,3/11/2023,Kevin Miller,South,Sports,8,1407.27,124.01,March,0.088120972
ef7dee1a-8476-4f98-825d-e95fc846bf90,3/20/2023,Erin Erickson,West,Electronics,9,1740.55,298.7,March,0.171612421
83210210-a43c-491d-ad4d-a4ef95e38180,6/27/2023,Mrs. Stephanie Tran MD,West,Clothing,6,1138.48,284.03,June,0.249481765
74e04bbb-ca80-43a7-a5fd-89c831610b3d,1/14/2023,Emily Arroyo,East,Sports,2,53.81,10.59,January,0.196803568
2287401b-a7bb-4a76-a9a4-a856556b20fa,8/26/2023,Jimmy Moore,East,Home Decor,6,867.76,96.57,August,0.111286531
d01e488b-00a1-402e-97e7-ef7b848610cf,7/5/2023,Amy Miller,West,Clothing,4,965.82,118.16,July,0.122341637
60c8e5a0-d560-464c-95f7-792a739ac9e2,10/28/2023,Jeffrey Gomez,South,Books,10,597.87,126.56,October,0.211684814
05d156b6-ecee-438d-911f-cda922d80170,7/18/2023,Ryan Fields,South,Books,9,1609.4,355.36,July,0.220802784
a5387901-69f1-4ccd-8b4c-ba0a317eeb1d,3/12/2023,Alicia Blackwell,West,Clothing,4,953.36,128.13,March,0.134398339
b61b03e9-cb60-4efc-847e-330e99b702a2,1/25/2023,Rebecca Buck,South,Sports,2,368.93,23.45,January,0.063562193
9aa909f1-5adf-4d04-b0d2-27180dd35d11,3/7/2023,Russell Jones,North,Home Decor,4,1554.19,180.33,March,0.116028285
6987b052-7421-4d3e-8dc3-9412d95e17e1,12/17/2023,Dawn Collins,East,Electronics,10,758.66,104.41,December,0.137624232
18a77594-5b8c-4949-9068-61d3633d9c54,3/12/2023,Robert Lee,South,Books,10,1108.13,74.91,March,0.067600372
037e5725-e5a1-4dae-a747-795eb0c952af,2/17/2023,Alex Powell,West,Books,1,962.51,120.57,February,0.125266231
dba45b5e-1498-465b-b9fe-0a1b7efbe877,5/6/2023,Julian Savage,South,Electronics,4,146.72,14.07,May,0.095896947
a5e327af-071d-4de6-8322-55eeeceb9505,1/21/2023,Jennifer Bowers,South,Groceries,1,941.36,193.25,January,0.205288094
f7d870b6-78ac-4704-9936-5f61f484878d,7/20/2023,Ronald Cook,West,Groceries,6,1813.82,239.09,July,0.131815726
606e8502-002f-4cc4-896b-fafff5b7751f,1/13/2023,Jose Ballard,North,Books,5,1174.13,203.87,January,0.173634947
28b299bc-ebbe-4a41-8781-e11f2cb38568,5/12/2023,Joshua Thomas,West,Home Decor,6,366.66,19.59,May,0.053428244
7ba06f58-061a-48d1-b212-cc6f540988e7,9/6/2023,Terri Villa,North,Clothing,5,515.94,121.8,September,0.236073962
2b863694-541d-4a81-8815-642ca2bb6283,12/11/2023,Jennifer Perez,South,Clothing,10,442.49,72.56,December,0.163981107
2353d455-90bc-4b66-a063-14505d005716,4/3/2023,Christopher Fisher,East,Home Decor,1,896.56,107.47,April,0.119869278
b7ed75b4-63d0-4ccd-afdb-4e0b01716f1d,5/31/2023,Alexis Conrad,East,Clothing,7,64.07,14.45,May,0.225534572
09c64c1d-00f2-4603-8295-1fe052c553b5,11/8/2023,Chase Johnson,South,Books,6,748.62,126.73,November,0.169284817
c96ef1a5-ac70-4464-a734-f9bbc7405255,1/19/2023,Ashley Carr,North,Clothing,2,1049.07,256.2,January,0.244216306
3f7a38e0-b611-4bd6-953a-773aafb9f3a8,5/28/2023,Jennifer Bradley,East,Groceries,9,1646.08,405.46,May,0.246318526
90ec8374-6862-4c24-a13a-6ad812b34a24,12/25/2023,Jordan Ferguson,North,Sports,4,424.71,34.15,December,0.080407808
399bcb79-61ba-4a39-b89c-3c723ee29e68,9/13/2023,Brent Huang,North,Home Decor,10,1173.5,188.34,September,0.160494248
409b3c5b-d5e8-489c-91ab-249d94d50a99,12/22/2023,Matthew Sanders,North,Clothing,8,1917.11,345.4,December,0.180167022
e072caae-797c-47bf-8793-85209c921e7f,4/18/2023,Jacqueline Johnson,South,Electronics,7,1531.45,91.68,April,0.059864834
1b4e1428-a048-4bb2-b6d0-80c46409df32,4/3/2023,Levi Dillon,East,Groceries,7,1243.61,107.82,April,0.086699206
bb22fa31-6bc9-4970-848a-e37406dc1579,7/27/2023,Amber Reeves,West,Sports,9,890.4,124.37,July,0.139678796
29502326-7644-4183-9aab-d22d75ef8aab,12/4/2023,Jessica Garcia,West,Home Decor,6,1323.42,101.33,December,0.076566774
c30759a4-48a1-43ab-9d55-daaffefc5b4a,3/7/2023,Jason Lawrence,East,Sports,9,748.18,121.28,March,0.162100029
a1595b4f-7901-426f-8421-325a5b8d11ba,7/15/2023,Jacob Thomas,West,Books,4,158.68,29.16,July,0.18376607
531da6ac-956c-4129-b934-718f2d492ca2,7/21/2023,Christina Bernard,West,Groceries,9,1379.73,289.98,July,0.210171555
44e1b08c-6919-4a8a-aea6-231508ef444a,4/25/2023,Andrew Arnold,East,Sports,3,1167.99,90.36,April,0.077363676
07fe6a4e-2a6f-4e47-9b61-f92b9cf600ec,5/26/2023,Hannah Anderson,East,Electronics,2,1604.35,300.86,May,0.187527659
c71d92d6-13ec-4718-ae4a-741ab5004950,6/17/2023,Julie May,South,Home Decor,3,404.72,32.37,June,0.079981222
079be4e5-3a6e-4f12-aa1a-ce85351c5aac,6/15/2023,Kristen Jackson,West,Groceries,5,1545.71,143.89,June,0.093089907
b7691470-49bc-44a8-bc62-84a89f93e802,7/24/2023,Johnny Yoder,North,Groceries,2,714.42,61.12,July,0.085551916
c5fee487-68ab-4281-968d-2bc2dac7c336,11/5/2023,Bryan Estes,East,Books,9,280.13,52.88,November,0.1887695
b1f5d7d0-887b-4cca-94f0-2dc4f7f1bb27,12/2/2023,Christopher Burton,North,Home Decor,3,1972.16,298.94,December,0.151579994
ea31e67a-e168-4205-bc0a-94de4e245cf7,2/26/2023,Victoria Manning,East,Sports,5,1040.12,115.32,February,0.110871822
68032f7e-fef0-4b04-a8fc-642af6f25926,5/28/2023,Travis Hunt,West,Sports,10,1886.15,447.61,May,0.237314105
b4577bf7-a251-40a8-9870-c707955fbc33,11/12/2023,William Hernandez,North,Electronics,6,1688.65,312.79,November,0.185230806
a4f0d9c2-9885-4c7f-b475-a526b2b4c281,12/30/2023,Ashley Maxwell,West,Groceries,6,1478.74,332.1,December,0.224583091
0938ad77-cb18-46a4-95db-4487603803f3,8/23/2023,Mrs. Melissa Mendez,West,Home Decor,4,390.76,34.61,August,0.08857099
73df770a-ad0c-4bfc-9baf-01f1517fa07e,1/5/2023,Jack Sharp,South,Electronics,8,1684.88,396.95,January,0.235595413
28b74f3d-ec38-46bc-ba8d-1c00c6962905,5/24/2023,Dawn Tucker,East,Sports,1,393.13,20.52,May,0.052196474
2b02237e-e2cd-459a-abba-80d2820bc51d,8/7/2023,Stephanie Deleon,West,Home Decor,7,445.44,106.29,August,0.238617996
a9204633-9bb6-4cd2-a8ad-c28f8463416a,1/11/2023,Sarah Johns,East,Home Decor,3,451.21,48.86,January,0.108286607
636241c3-eb6e-49e0-a25f-545796625aa1,3/22/2023,Michael Baker,West,Groceries,6,421.74,70.16,March,0.16635842
a4e0ee5b-1638-425c-8d66-65d8edf2a720,3/8/2023,Krystal Hendricks,East,Books,4,1095.98,105.62,March,0.096370372
1a0ff218-9eb8-4325-badd-8fed0a02da60,8/17/2023,David Marks,North,Electronics,10,462.85,79.83,August,0.172474884
3ad23fbf-2e57-4864-83eb-280e79017990,4/15/2023,Katherine Newman,North,Clothing,4,1093.56,77.27,April,0.070659132
119fc1c4-74f8-457b-a4c5-82caeab3c4d8,7/30/2023,Eric Lynch,West,Electronics,5,900.64,47.91,July,0.053195505
3aca43f2-7b77-4bf2-83f9-8cbd179d221d,1/27/2023,Keith Ortiz,South,Clothing,1,1294.25,80.08,January,0.061873672
0e8472a7-dd33-4379-a88f-58c1237d7b90,11/13/2023,Charles Cain,East,Books,7,910.38,160.69,November,0.176508711
8eeb3fd8-6783-40c3-9cae-667e0876daaa,11/16/2023,Laurie Gonzalez,West,Clothing,2,902.54,121.93,November,0.135096505
58e760bf-8f3e-44f4-b914-0a61ee65afeb,9/29/2023,Katherine Vaughn,South,Sports,1,691.85,108.58,September,0.156941534
d6ada066-7f6b-451b-ba05-c0b73ddf55b2,12/6/2023,Shelia Jennings,South,Home Decor,1,848.23,138.23,December,0.162962876
57435d9c-ed30-42ed-824c-6948f474b1a4,5/1/2023,Adam Kelly,West,Clothing,10,1170.75,175.3,May,0.149733077
dc58ea6a-6193-4b51-b6ac-a9b45e146c30,2/5/2023,Kenneth Perez,West,Electronics,10,1489.78,232.2,February,0.155861939
e166c6ab-a8f6-44bd-bb2a-a677c6b7e7cb,10/22/2023,Dwayne Gonzalez,South,Books,8,810.27,161.76,October,0.199637158
5ae52530-66b4-4fc6-9e94-eb4bc74f73ca,10/31/2023,James Anderson,South,Books,7,448.97,84.75,October,0.188765396
6e927501-5bd7-4dc6-aa75-e34da1d53402,7/14/2023,Crystal Fletcher,West,Books,8,1328.97,199.19,July,0.149882992
1af4321a-ddd3-4779-8879-996dfe38f4eb,4/18/2023,James Miranda,East,Home Decor,10,1861.06,384.99,April,0.20686598
2fdb5c0d-be4a-465e-be58-1dd5eed15368,7/6/2023,Barbara Moore,North,Groceries,2,444.85,59.47,July,0.133685512
76fe579f-6382-43b5-b9ad-f8c56247b40d,12/28/2023,Kathryn Rodriguez,East,Sports,2,1494.9,289.84,December,0.193885879
acf606fc-387c-4f02-9e3b-3f04d4188645,7/19/2023,Timothy Duarte,East,Electronics,7,366.75,80.95,July,0.220722563
78c5a976-1786-42e8-806b-8fd6af157ed9,6/5/2023,Katelyn Edwards,West,Books,8,1907.98,280.1,June,0.146804474
934c472a-0c72-4e13-bbf2-8c1c6e6d086c,5/4/2023,Travis Hoover,West,Clothing,3,181.53,25.83,May,0.14229053
2e4a6e78-1cf4-48ed-adb6-de2153a9ec5d,10/27/2023,Brandon Gonzalez,North,Electronics,2,639.27,121.51,October,0.190076181
01275a63-88da-491b-a1f6-c8770212585b,11/6/2023,Alyssa Benton,West,Clothing,2,690.28,158.58,November,0.229732862
7751b3fa-bdb6-4ff3-94e1-67063309a536,2/20/2023,Larry Donovan,South,Groceries,4,1203.31,259.27,February,0.215464012
2d58bce9-8974-4cd7-9118-68f86a4ace0e,3/18/2023,Kelly Howell,South,Sports,2,456.02,28.42,March,0.062321828
35c9599f-6f91-49cf-8018-3cfeceb09220,12/26/2023,Timothy Reyes,East,Home Decor,7,1727.14,94.04,December,0.054448394
b42fb357-58d9-4f4a-9533-1356074f3be0,5/29/2023,Amanda Blevins,East,Home Decor,1,1730.27,358.82,May,0.207378039
40709bd4-1790-46b7-845c-21e7988d0e4a,5/23/2023,Megan Davidson,East,Home Decor,6,1691.34,313.65,May,0.185444677
22ca9fe8-a8aa-4d13-85a9-18d19eede43c,2/10/2023,Denise Schwartz,South,Electronics,5,1962.66,383.56,February,0.195428653
1eceb5e5-8018-41f4-820d-15c66bd1f046,5/28/2023,William Flores,North,Clothing,3,190.23,10.29,May,0.054092414
2dbdb6e5-7844-42ac-b29b-d820e4ad24e2,8/6/2023,Thomas Martinez,North,Home Decor,1,514.87,30.24,August,0.058733272
55e9718e-8164-40fa-90a2-b8e1141bd896,6/26/2023,Betty Scott,South,Sports,9,1730.92,189.32,June,0.109375361
69083bd6-ef61-4cac-8674-d2447b056d02,11/15/2023,Cynthia Wright,South,Clothing,6,1084.08,268.1,November,0.247306472
72323dc9-c677-41b2-83a3-1607f5652d00,1/10/2023,Stephen Tran,West,Books,3,355.21,85.21,January,0.239886264
5c27761d-4894-49fc-b0df-67b93a6f36fa,3/28/2023,David Alvarez,South,Electronics,5,1898.78,186.75,March,0.098352626
4cc672fc-3006-4f85-966a-1a98af3b5a91,9/11/2023,Dr. Charles Decker,East,Groceries,10,1459.79,179.56,September,0.123003994
559de204-0964-4b31-97c2-747f27b51ee7,12/29/2023,Megan Shah,West,Home Decor,3,1430.27,165.8,December,0.115922169
69560c06-3008-4519-ad83-095163eaa005,12/4/2023,Caitlyn Yoder,West,Sports,1,524.82,30.67,December,0.058439084
56c6544d-f60c-4881-85ac-7520cd4668fe,7/12/2023,James Cobb,East,Sports,5,1743.27,379.42,July,0.217648442
ec4f4490-84ea-4943-aee6-6e2153fb2ed1,12/11/2023,Sandra Lopez,South,Groceries,8,1437.96,295.15,December,0.205256057
7e525e4f-9e20-4161-b050-eb01a22fc818,7/30/2023,Linda Hamilton,East,Groceries,7,242.74,48.43,July,0.199513883
e7aad070-7cdd-44cc-be33-2f35086c9768,12/16/2023,Tanya George,East,Electronics,3,301.2,18.82,December,0.0624834
3e2b6653-2258-4df3-8ff0-952a0b2591c4,8/23/2023,Kristi Gonzalez,North,Home Decor,5,1428.48,131.87,August,0.092314908
c1da8d39-f735-4626-9ca8-b6fd1beaf9cf,6/22/2023,Lisa Guerrero,East,Home Decor,3,253.73,42.56,June,0.167737359
7e5168dc-5690-474d-aeda-b7b5e2aa55a7,7/20/2023,Matthew Mcneil,East,Home Decor,3,1934.85,383.28,July,0.198092875
705bacc2-640c-420c-b02a-5b67b7ae7758,9/24/2023,Jaime Bridges,West,Clothing,3,71.1,3.66,September,0.051476793
c06bad38-1d01-4478-8110-412c38431ed6,9/15/2023,William Jones,North,Home Decor,5,775.15,79.46,September,0.102509192
5e2d2454-e462-42e7-b5c3-de958a647b9f,3/2/2023,Jennifer Marshall,North,Sports,4,1793.24,199.08,March,0.11101693
dfb87708-91d2-425a-95e1-9cb6698eecba,10/1/2023,Jared Miller,West,Home Decor,7,516.7,79.65,October,0.154151345
87e51bbc-22e9-4671-ab34-1860fefd320b,11/4/2023,Daniel Smith,North,Clothing,6,1535.14,90.94,November,0.059238897
f8542953-9ad7-4702-940a-642e10e857f8,9/7/2023,Elizabeth Stephens,East,Clothing,2,924.31,207.2,September,0.224167217
05f2b928-beb9-49e2-956e-3ae54fe4b735,10/11/2023,Adrian Barnes DDS,East,Books,2,1362.09,320.14,October,0.235035864
833cf90f-f555-4628-9d15-3fb4968051b7,10/26/2023,Lisa Glenn,North,Electronics,4,1906.73,202.31,October,0.106103119
fb2323e7-d6a2-4379-a0c6-a8a74748f7ea,5/23/2023,David Watkins,West,Groceries,5,1587.48,372.58,May,0.23469902
438dc8b1-9719-44f8-92fb-05ca3a724b9f,3/27/2023,Paul Pennington,East,Sports,1,1783.49,336.29,March,0.188557267
f489362c-1034-4193-bc2b-940d9045a445,12/30/2023,Christopher Sims,West,Groceries,4,1260.07,299.91,December,0.238010587
9b6e83a9-6f2a-43b2-9dd9-5d4c0637fdca,7/24/2023,Francisco Daniel,South,Sports,8,1373.49,215.38,July,0.156812208
6e05724d-b49b-43d5-9e70-9e1907f79ee0,9/16/2023,Brandi Thomas,East,Home Decor,3,1973.37,202.22,September,0.102474447
9dbdc6ff-5fad-4a0d-8aa8-3cd65804a881,4/7/2023,Dillon Cruz,West,Sports,8,1517.67,218.51,April,0.143977281
8d5f52c0-83f0-4a77-96b8-002a0f424ffa,11/8/2023,Natasha Weaver,West,Groceries,2,502.32,25.64,November,0.05104316
233e3834-54e2-4ea6-8202-faf9dcebef56,1/6/2023,Jon Johnson,East,Sports,3,932.05,143.05,January,0.153478891
920c904e-4063-4525-9152-797ec20166e3,5/14/2023,Ariana Hoffman DVM,East,Home Decor,8,1259.31,280.63,May,0.222844256
d733f669-852d-4585-88df-6b197c3ad037,2/10/2023,Shannon Willis,North,Electronics,3,1182.51,289.6,February,0.244902792
b1954990-2d5c-4415-bedc-b8f9378b094c,10/31/2023,Brent Huff,East,Home Decor,6,1529.47,224.95,October,0.147077092
28702bb1-5931-49b4-b061-46ffbecba4c8,9/15/2023,Jennifer Lynch,South,Electronics,7,1542.24,362.53,September,0.235067175
37503d77-3367-4754-9a2e-6e6c8c1a612b,4/15/2023,Stephanie Dickson,North,Groceries,8,1567.13,287.93,April,0.183730769
001debf6-c503-4cb5-86b4-195caa19af26,6/30/2023,Victoria Hill,South,Sports,7,1885.97,434.92,June,0.230608122
08fce7af-52c1-43c7-b33c-4233c833b07e,2/2/2023,Erin Brennan,East,Books,2,1817.29,167.01,February,0.091900577
338f8437-faa2-4bad-867a-6bdfb63c1dd8,2/2/2023,Ebony Wilson,South,Clothing,7,1163.43,221.93,February,0.190754923
68bfbf7e-d4dc-4301-882a-b92580b2db0c,7/19/2023,Sharon Davis,South,Groceries,6,1054.26,166.53,July,0.157959137
a0d9da58-3db4-4b81-8beb-cf4f2c94151d,2/17/2023,William Barajas,North,Home Decor,9,83.21,19.37,February,0.232784521
44f06c4e-d87d-4afc-a370-5e8a021ac45b,6/19/2023,Donna Johnson,South,Clothing,8,138.45,27.3,June,0.197183099
49954cf1-faaf-400c-a74b-3d208c3fa29f,1/30/2023,Mary Stewart,North,Electronics,5,479.27,89.82,January,0.187410019
98decbf6-4273-4d1c-a3d8-3f2284403b37,1/19/2023,Danielle Beasley,South,Books,8,934.19,212.61,January,0.227587536
e9184b9f-5010-49e2-b367-dbe240e3469f,1/22/2023,Jennifer Aguilar,North,Groceries,4,876.44,70.95,January,0.08095249
854df9b6-2b66-41c0-9fdd-53296c749cf4,11/11/2023,Stacy Erickson,South,Clothing,9,1033.64,77.61,November,0.075084169
1932263c-4eec-45b0-94c3-0b503d0daad0,1/20/2023,Robert Reyes,West,Electronics,7,205.01,26.21,January,0.127847422
86861f29-5cb7-4bb9-80ff-34b4e4bd7d57,11/17/2023,Carl Kim,North,Home Decor,7,1244.14,299.17,November,0.240463292
b287c440-7881-407d-ae77-1359677abeb7,6/10/2023,David Campbell,North,Sports,6,1689.81,236.22,June,0.139790864
3fccb2c1-33d4-4096-9b78-01ea86343347,12/30/2023,Carly Eaton,North,Clothing,10,818,102.23,December,0.12497555
8b4eb003-401a-4e8a-bba0-fd458d3ac4b9,2/28/2023,Eric Thomas,West,Electronics,5,1787.98,156.39,February,0.087467421
f190cb53-b489-45c7-a22f-6e82ecdd001e,1/11/2023,Sean Bowen,West,Home Decor,8,1716.44,135.96,January,0.079210459
beb778d6-2b02-4118-ae63-ad3a94d7f681,3/2/2023,Justin Ibarra,South,Electronics,3,1980.27,125.52,March,0.063385296
bdf2b5a1-b57a-4c03-8b85-eda6db0198ff,4/7/2023,Patricia Lindsey,West,Electronics,7,549.45,56.19,April,0.102265902
618a4763-2af5-45a3-a97b-85380ff73f25,1/9/2023,Rachel Boone,East,Home Decor,6,1315.27,300.38,January,0.228378964
16018cc6-db16-4641-a074-17e71a608f0d,7/16/2023,James Fox,North,Electronics,8,513.63,118.99,July,0.231664817
3e37355e-fbdc-478a-bf33-551df6292535,7/26/2023,Roger Miller,West,Sports,7,1013.61,54.79,July,0.054054321
65739938-a96e-4bf4-9865-23b8f9154865,10/17/2023,Michael Rollins,West,Home Decor,10,1380.42,241.08,October,0.1746425
dba620f1-35bb-4db0-bda3-14883e1fa8ac,4/11/2023,Stephanie Moore,North,Home Decor,1,368.02,75.23,April,0.204418238
735b3a80-3fbd-4eed-b23d-c8f5b17078ee,1/18/2023,Amy Lamb,East,Groceries,9,139.8,8.05,January,0.05758226
4a0609aa-827a-4d0d-a150-93b0a07aeb89,10/3/2023,Pam Taylor,West,Electronics,4,1140.6,84.1,October,0.073733123
8072b635-4c1f-49df-b6b4-160bd466c772,1/6/2023,Heather Howard,South,Electronics,7,381.06,24.93,January,0.065422768
dafd518d-d55f-4e0e-af6b-e029bbef627f,9/7/2023,Brandi Mendoza,South,Sports,9,1213.02,198.66,September,0.163773062
4bc01de3-d197-4561-b9b6-8b9523aa9e67,3/19/2023,Gina Turner,East,Groceries,9,1360.53,233.65,March,0.171734545
94291726-6557-438d-a175-f16a9a642c24,11/11/2023,Evelyn Castaneda,South,Home Decor,1,205.34,12.72,November,0.061946041
3c38bfd6-d7e2-4908-9090-d244c1d44db0,6/5/2023,Kathryn Craig,South,Sports,10,1153.08,284.38,June,0.246626427
84733c88-98ec-4bc6-8ec7-190b23e86d63,3/15/2023,Derek Jackson,South,Clothing,2,1915.74,402.29,March,0.209991961
eac503ff-79d1-4233-a5c0-7ecfd38a1bdb,10/21/2023,Paula Hunter,East,Books,6,363.85,28.6,October,0.07860382
bac114b5-ca19-45a8-8d5a-2ad386d77094,5/13/2023,Eric Escobar,East,Electronics,5,1018.43,144.1,May,0.141492297
db0dff11-1a6c-4c25-98e1-6bc0338589c7,3/17/2023,Judy Jones,East,Books,2,625.19,77.27,March,0.123594427
2f5c5cbe-e55b-48ff-b086-29623771f867,4/10/2023,Terri Petersen,West,Books,2,1244.56,202.62,April,0.162804525
acac00dc-024e-4609-8486-4d26cfd09276,8/29/2023,Vincent Ward,West,Books,2,910.86,154.89,August,0.170048086
f65a1a2a-4f76-4aac-9ec2-2e0cd4cd82fa,9/13/2023,Lawrence Hebert,West,Groceries,5,728.83,167.79,September,0.230218295
9502e1d5-167a-4089-9ace-cdbfdbb59fc2,11/16/2023,Rodney Rodgers,South,Home Decor,6,1035.83,79.3,November,0.076556964
45c55e39-881d-4ee1-9808-2cf303a769aa,6/17/2023,Melissa Tate,North,Sports,1,1867.36,338.29,June,0.181159498
2dc6c2ac-cbae-4e93-af39-c04551bb91c1,5/18/2023,Sheila Cruz,East,Sports,8,1747.44,430.45,May,0.246331777
e919b5aa-f0c9-4bea-a0a1-f43f9638a3c7,7/12/2023,Lisa Wagner,West,Home Decor,3,1336.11,299.25,July,0.22397108
a5cbed9f-a579-4917-8806-989a9abf3e69,12/1/2023,Aaron Graham,North,Groceries,10,882.74,215.68,December,0.244330154
a0536c6c-ea87-43d2-a208-47d854ed1b3b,9/9/2023,Kathryn Barnes,North,Sports,2,127.1,26.34,September,0.207238395
fa9fcece-50ed-4af2-a35f-6be1f8b55fb5,12/26/2023,Chelsea Brown,North,Books,10,667.47,122.53,December,0.183573794
e5540022-4502-47f8-94a1-396ce9abfb0d,9/13/2023,Katelyn Olson,West,Sports,10,451.82,55.56,September,0.122969324
8f15c995-424a-4898-832e-9e1e1b908d6d,9/8/2023,Robert Moore,West,Electronics,7,1433.83,160.08,September,0.111645035
c42b43fa-6b4d-49de-ac7b-009c9b83a437,10/5/2023,Jerome Lambert,West,Sports,3,1471.65,138.18,October,0.093894608
1c87284d-c5fa-4ac9-95a3-7efe1cc7e2b6,2/19/2023,Robin Schroeder,East,Home Decor,10,1641.55,343.86,February,0.209472754
c3ac232c-af40-4e52-999a-1949ba9d82b8,11/22/2023,Victor Phillips,West,Sports,10,1246.71,227.44,November,0.182432161
cd43cfeb-8938-4b90-9341-45328252f723,6/15/2023,Richard Reid,West,Home Decor,10,764.72,74.54,June,0.097473585
1f742e70-e36b-4a5f-a374-6dddf4105d94,1/30/2023,Lawrence Beltran,East,Books,5,407.75,52.57,January,0.128927039
23f3e5ae-d1de-4fa8-a1c5-63425033b5a4,6/8/2023,William Blackwell,South,Home Decor,4,1497.65,177.11,June,0.118258605
69946c6d-3590-42e5-8c78-0f2f39a11816,2/3/2023,Maria Brady,North,Clothing,8,1174.97,102.43,February,0.087176694
bb2c2c42-8f6d-4117-a1ea-a1fa663eab2b,12/22/2023,Alyssa George,South,Home Decor,10,484.42,84.28,December,0.173981256
0e05f6b9-8bdd-4b9d-bc2c-d5c7d5562dab,10/1/2023,Jared Levine,North,Home Decor,4,1974.62,201.2,October,0.101893022
a4ed017b-208a-488e-a6e4-ac85f10185fd,10/16/2023,Sherry Thomas,East,Sports,6,1001.42,63.83,October,0.06373949
40b1f64d-4493-4c86-89ad-ce957837e506,3/22/2023,Caroline Davis,East,Sports,6,529.41,73.17,March,0.138210461
c7361a75-c61b-4c77-8602-15be0d326347,3/24/2023,Adam Fields,West,Electronics,1,771.94,116.05,March,0.150335518
81de9808-c2ff-447b-9527-b331240eb6c1,1/28/2023,Margaret Moore,East,Books,4,1443.48,256.82,January,0.177917256
d66a45e9-52c5-4809-920e-ab0ebd8744d8,2/22/2023,Ashley Cook,South,Clothing,1,1617.49,291.4,February,0.180155673
54f1a7a3-7378-46ca-80fd-8aaa3504e26c,2/26/2023,Paul Miller,North,Books,5,1830.96,385.33,February,0.21045244
8ace37d3-673e-4518-86cb-b1796239f30a,9/22/2023,Mr. Bradley Stewart,South,Groceries,8,490.18,106.07,September,0.216389898
d429e0c9-664c-4ba8-a4ef-edef24cb0b4e,7/6/2023,Kelly Knox,South,Home Decor,3,138.28,27.49,July,0.198799537
a5005582-6250-49f9-88d1-7e6327e8aeae,12/6/2023,Brittany Jones,West,Home Decor,6,1221.78,89.62,December,0.073351995
aa648f16-f035-4088-9a2b-f7fe4d7e4449,8/8/2023,Barry Adams,South,Sports,7,392.39,61.11,August,0.155737914
9f519184-e79d-4d5f-ab6f-c9e7be725448,12/4/2023,Jennifer Briggs,East,Books,4,1752.15,147.55,December,0.084210827
fa29559d-c81a-48a6-a245-b749b9a6edc1,7/1/2023,Crystal Shaw,South,Groceries,7,413.25,75.87,July,0.183593466
5e349e31-1c67-456d-b9ac-d84313b2cc15,5/23/2023,Jose Wright,North,Home Decor,6,1166.03,115.98,May,0.099465708
0a4e6eb7-f97b-4d62-9c95-27d081ffbbc1,6/19/2023,Dana Johnson,East,Books,5,1154.54,228.56,June,0.19796629
c187715f-7baf-404d-bc6d-74a844ee5071,8/10/2023,Tommy White,West,Sports,9,70.39,7.33,August,0.10413411
a78c1cda-a783-4837-bc74-dbc2c504644f,12/22/2023,Jennifer Shepherd,North,Sports,8,223.47,52.8,December,0.236273325
b9c3a78f-c8d3-4cee-9370-c51fd8e2ba4c,7/5/2023,Stacy Vega,South,Sports,9,524.78,119.36,July,0.227447692
2a364435-eda0-4e30-bf74-1d1ca8936bd3,3/4/2023,Paige Castillo,West,Electronics,2,549.7,30.04,March,0.05464799
06fccff0-e9e4-406c-b689-0df97bd37c4b,11/20/2023,Dwayne Johns,West,Home Decor,9,1232.66,301.93,November,0.244941833
7111f1d1-9c8f-4812-ac64-5b82abbebd4f,10/2/2023,Marcus Petersen,East,Groceries,3,1192.88,235.35,October,0.197295621
24e2e13a-a0e5-4d8c-9d75-24bcdd82016d,5/3/2023,Veronica Bradley,East,Groceries,4,1481.46,115.12,May,0.077707127
f66b72a9-4142-452b-b61c-57ab3d992624,7/18/2023,David James,North,Groceries,9,1726.95,151.53,July,0.087744289
996d6642-3cf8-4ff0-b49d-f1fff13a9049,4/4/2023,Sharon Dyer,West,Clothing,3,964.96,126.6,April,0.131197148
8ce67bdc-41b7-4448-8286-2234d81580dc,5/12/2023,Brianna Sanchez,East,Electronics,3,168.37,42.03,May,0.249628794
346eba31-7ad5-4f81-b267-8417ec023a99,3/9/2023,Michelle Wilson,West,Groceries,2,788.04,42.37,March,0.053766306
7f29e86c-8a73-4eaa-96bb-4fb0cd59bece,9/26/2023,Hunter Wright,West,Groceries,10,1884.12,151.97,September,0.080658344
50b91e51-681e-4658-9813-a70f5a9c60b5,12/18/2023,James Hunt,East,Home Decor,5,1668.74,335.19,December,0.200864125
8ea5e386-d8ce-4d9a-a9de-b76ad4ce14b3,10/11/2023,Corey Gonzalez,West,Clothing,2,1699.04,150.07,October,0.088326349
d9371f2a-506e-4fc6-905d-2cb96b76911f,6/27/2023,Jonathan Barker,North,Electronics,6,490.76,66.29,June,0.135076208
1d72e0fe-ea28-4858-9d07-edc60df099c5,9/19/2023,Melissa Terry,North,Home Decor,3,1267.5,150.49,September,0.118729783
7028dab4-8f0c-417a-b85f-2ec49d6fe1b5,12/13/2023,William Hines,East,Groceries,3,598.38,72.18,December,0.120625689
ad283c0d-f230-400a-b86b-01c05ffe6c11,4/30/2023,Jennifer Hendricks,South,Books,7,1554.36,296.43,April,0.190708716
047cd56e-fd6c-4364-8191-cbeb175bf448,2/4/2023,Whitney Tyler,West,Home Decor,6,1886.2,359,February,0.190329764
188417d8-fe9f-4ff6-98bc-2c7ad112460c,11/28/2023,Kayla Sosa,North,Electronics,7,714.32,77.63,November,0.108676784
4fe5143b-bae8-499f-aee0-5fb7d2d6840d,12/16/2023,Alicia Kramer,North,Groceries,5,780.74,124.49,December,0.15945129
f13a2ff3-9365-4891-a460-0a02c5acc612,2/5/2023,Sheila Mckinney,East,Home Decor,3,1582.64,280.97,February,0.177532477
28a3938c-4ba4-45e2-8718-e12c32a564ff,12/27/2023,Kim Lin,East,Clothing,3,1828.71,263.36,December,0.144014086
7efa4e99-4204-4f8c-ba72-a669e03cc361,12/19/2023,Trevor Taylor,North,Electronics,5,1963.83,474.85,December,0.241797915
d7ea0686-e5f1-4395-a2e7-ee5914147ca8,11/3/2023,Nicholas Nelson,North,Clothing,9,1429.89,160.92,November,0.112540125
89aeb616-59f8-4a69-8466-ed6b96bad500,9/15/2023,Tristan Gonzalez,North,Groceries,3,1853.19,318.68,September,0.17196294
b86137c3-e5ff-47d4-94e1-53ca45568d6d,9/13/2023,Cameron Briggs,North,Clothing,1,1747.23,200.4,September,0.114695833
010ac3f8-3877-47e2-bc8a-803899605cd1,9/29/2023,Melissa Ramirez,North,Groceries,9,72.71,17.05,September,0.234493192
253dc9ce-208d-449b-ab0e-fd0100dd28b3,12/14/2023,Daniel Ray,North,Electronics,7,974.75,86.26,December,0.088494486
510d115a-74e5-4c68-aca5-f0cbab78a4ee,7/8/2023,Kathy Herring,East,Clothing,7,202.91,19.86,July,0.097875906
b51e3a7b-acdf-4038-867c-cafabbe74e1b,9/15/2023,Crystal Banks,North,Sports,7,1815.35,414.81,September,0.228501391
37c67f46-4860-45c2-b812-b02296b09e29,3/15/2023,John Gomez,East,Groceries,6,264.2,20.06,March,0.075927328
a6d5eb2e-e891-480c-970a-06dcf444adae,4/21/2023,Ana Bennett,North,Books,6,825.15,194.6,April,0.235835909
6c2c90a7-24e9-4316-b5f8-0092ea4f44cf,2/6/2023,Brenda Berg,South,Electronics,1,398.29,98.14,February,0.246403374
43db0235-1184-48fb-bd33-5a642d79f3f6,4/12/2023,Kimberly Juarez,North,Books,1,617.35,121.67,April,0.197084312
bc509aeb-63d8-4381-9cd2-9168d5475c92,6/21/2023,Jamie Williams,West,Groceries,3,1033.46,75.39,June,0.072949122
a7f3c30f-26e5-42da-91b9-2f8b8a849529,10/8/2023,Calvin Mckinney,North,Groceries,6,1129.81,178.23,October,0.157752188
77fd7fd1-35cb-40f2-aa75-e179fd14f9d4,1/14/2023,Jeremy Juarez,East,Sports,4,1683.95,189.83,January,0.112729
7770ca8d-ac69-4006-81b8-4ea71f217475,3/21/2023,Brandon Nichols,East,Clothing,1,604.39,114.85,March,0.190026308
680fe5e2-60c3-4cdd-9937-f592185aeb98,10/19/2023,Amanda Hall,South,Groceries,6,58.2,13.41,October,0.230412371
3103d904-1742-4bd0-bde5-b4a337ef373e,1/28/2023,Kimberly Fox,North,Clothing,10,1862.13,105.41,January,0.056607219
a397b217-8511-43e5-93aa-e4808cdc5389,12/26/2023,Kayla Munoz,North,Groceries,9,1226.35,278.09,December,0.226762344
78a9a43b-ccea-421d-ac33-1b9243189f26,8/30/2023,James Davidson,South,Home Decor,6,722.05,71.19,August,0.09859428
34b65cee-c9d4-41bb-84d3-fec2faf3d90e,9/6/2023,Rachel Bell,East,Sports,3,943.64,156.55,September,0.165900131
d35f581e-3648-431f-ae9e-8d0384983111,9/30/2023,Vanessa Alexander,East,Sports,7,971.05,166.91,September,0.171886103
4a3eacf0-a622-453d-95ff-789446ac3201,1/3/2023,Jesse Davis,West,Electronics,9,1048.06,176.43,January,0.168339599
abbd2fe0-e095-4bfd-8c26-52d8b6eaf241,6/2/2023,Nathan Beck,North,Groceries,8,1460.27,209.38,June,0.143384443
3ae7ab54-169e-48ce-a771-3b3c9f118a42,2/4/2023,Samantha Wood,East,Books,10,1005.83,94.47,February,0.093922432
24dbac94-486c-44d6-bc23-bbfc0490642f,12/1/2023,Thomas Allen,South,Electronics,4,1593.35,283.74,December,0.178077635
51f83e44-524b-4a5b-8204-2c0b1da221b8,7/20/2023,Jacqueline Byrd,North,Books,2,1713.82,179.39,July,0.104672603
4b91cbe8-fea4-4a6a-b342-3b60310dfbf4,9/23/2023,Heather Shepherd,West,Books,4,58.86,14.47,September,0.245837581
70dd4704-2489-48cf-8915-23be650f1375,7/22/2023,Marilyn Rojas,North,Sports,4,973,55.49,July,0.057029805
59949066-7d41-4588-9a34-7cdad4814f7f,1/30/2023,Matthew Rose,South,Books,1,1131.84,130.25,January,0.115078103
f118ac10-1de4-4ad3-b62b-5eeabdb63f32,3/2/2023,Sherri Jordan,East,Clothing,7,677.15,44.15,March,0.065199734
09cef0ea-d6ca-4f41-adf1-fe3fefd9373e,3/3/2023,Thomas Herrera,North,Books,2,1826.47,135,March,0.073913067
19db1d7b-1938-4096-ad3d-ffdfa5bb2389,4/27/2023,Laura Fleming,North,Clothing,7,1911.43,138.12,April,0.072260036
16159755-96df-441f-8dd5-92a0aeff988b,7/11/2023,Andrew Valencia,East,Books,10,405.68,45.86,July,0.113044764
2997e899-6059-48a9-8b02-06728fff6a1a,6/30/2023,Nancy Scott,South,Sports,5,234.1,48.94,June,0.209055959
28ec7c65-848d-47e3-8797-5813ba4e199c,4/3/2023,Meghan Perkins,East,Books,9,666.77,65.89,April,0.098819683
acc08d98-99df-42f5-b4fb-f35024bf2792,7/12/2023,Lori Smith,East,Groceries,6,1001.03,53.02,July,0.052965446
d23a817d-cf86-488e-8361-570dd925bbaa,10/25/2023,Sharon Mata,South,Sports,9,792.08,170.73,October,0.215546409
93c3150d-77c3-404f-9f7a-46b8450000a1,8/18/2023,Andrea Ramirez,North,Sports,10,1244.12,156.12,August,0.125486287
faa83536-d3d7-49d5-a430-1b871322439a,10/30/2023,Jason Williams,South,Groceries,5,1526.51,214.29,October,0.140379035
fbdc2233-05ad-48a9-a7d3-7bcc63f6ed2d,6/25/2023,Gary Walsh,South,Sports,6,1706.51,423.97,June,0.248442728
df6316b9-3f73-4143-a4dc-ea5ab888cb65,4/26/2023,Christy Davis,East,Books,7,967.38,237.51,April,0.245518824
940795d0-6bbb-461d-801f-8134c3e53827,7/23/2023,Francisco Baxter,West,Clothing,3,1694.61,307.83,July,0.181652416
fcfd3246-8884-481d-a7e1-572891c9992f,7/21/2023,Betty Rivera,South,Home Decor,4,1880.25,257.93,July,0.137178567
cd037e58-3ca5-4162-8509-a7a7a2bc5350,5/31/2023,Elizabeth Wallace,North,Sports,1,1110.55,117.67,May,0.105956508
62e5b726-06b9-470b-b32f-3e8b251bf764,9/9/2023,Reginald Miller,North,Books,8,945.18,57.88,September,0.061237013
6c82a1f1-c59f-4dfc-9f3b-ca7782a91237,9/7/2023,Mark Wise,South,Home Decor,3,798.89,174.18,September,0.218027513
444c3c06-01ed-42db-9663-8406290af021,7/1/2023,Laura Holmes,West,Books,1,1727.27,387.5,July,0.224342459
83f07d7c-43c5-42d3-b888-6792e1558ec6,2/11/2023,Michelle Gonzalez,East,Sports,3,956.62,62.28,February,0.065104221
352f0341-03fa-4677-b1a8-e5c62c075d2c,6/6/2023,Jonathan Sampson,West,Electronics,2,734.43,89.71,June,0.12214915
4f651f21-6fa2-4e13-87fc-e776a85536f3,5/12/2023,Michael Olsen,South,Groceries,9,594.64,126.19,May,0.212212431
f64d977c-20a4-4f0e-ae68-e406c784499d,5/6/2023,Tami Rivera,North,Sports,3,618.63,149.83,May,0.242196466
afed8aae-2c7b-4199-b100-065778edd1c6,9/6/2023,Hunter Le,East,Sports,7,196.91,44.19,September,0.224417246
1679ddcc-fc88-47d2-9b06-7b1095862085,11/22/2023,Samuel Ortiz,East,Clothing,8,567.69,114.9,November,0.202399197
b3670f54-dbd6-4b32-865f-d3cecdbe996e,8/5/2023,Bonnie Smith,North,Books,7,209.3,51.85,August,0.24773053
ace14685-0eaa-43e9-abfe-d00118bcaa21,5/31/2023,Cynthia Walsh,South,Electronics,8,1477.09,202.71,May,0.137236052
ad82e067-ab35-4414-8ed2-b26b1fda2e53,11/23/2023,Christopher Ramirez,North,Groceries,10,1585.1,197.72,November,0.12473661
d8cd5da3-73cc-4524-9675-f2fcc0ca3f4d,5/12/2023,Charles Davis,South,Groceries,9,891.25,57.95,May,0.065021038
f0022e2e-2bd4-4ea0-8bbd-6b2f42f378f2,3/19/2023,Stephen Duncan,North,Books,2,342.72,84.09,March,0.245360644
8b763f63-4ffe-4196-b52d-6f27b98713be,6/24/2023,Brian Rodriguez,East,Electronics,9,919.29,163.95,June,0.178344157
bd90a53d-49e7-4dcc-9dd3-d9c38b75471e,2/14/2023,Elizabeth Davis,West,Sports,4,53.03,12.18,February,0.229681312
771a0a12-2a6c-46cb-aa63-0fd171cf539d,1/24/2023,Russell Sutton,East,Sports,5,712.44,110.26,January,0.15476391
8f8b36e4-06fa-41b4-9229-4b0bd4ed425f,4/11/2023,Melissa Gonzales,East,Books,7,1960.18,218.91,April,0.111678519
356ac190-61a5-406e-84be-5a7fa15d41c9,5/27/2023,Bryan Collins,South,Home Decor,10,1938.19,304.75,May,0.157234327
5e366dc5-d641-4a41-8f4b-9bf78132a1c9,4/10/2023,Crystal Brewer,West,Books,9,1561.66,252.97,April,0.161987885
3bd4258c-9a3b-47be-b26b-f956f871af48,3/14/2023,Robert Chapman,North,Electronics,6,1116.86,177.53,March,0.158954569
e16e3336-77b1-4e21-bccc-c53ac36a4162,4/21/2023,Erik Fuller,West,Clothing,9,787.99,43.31,April,0.054962626
38e4c448-e108-45d9-afbe-d0dc29ef5907,10/17/2023,Dawn Nelson,West,Sports,10,1142.01,262.48,October,0.229840369
b3f4f5ac-f106-4bce-89d3-3c479f34cc10,12/16/2023,Marvin Watson,West,Books,3,386.38,25.56,December,0.066152492
e6b724ce-d18c-4149-847e-e300baade4d4,4/22/2023,Alisha Garcia,West,Electronics,6,329.87,23.71,April,0.0718768
086d996c-2205-4b91-8d3d-886754eefdba,3/12/2023,James Graves,North,Groceries,8,592.61,73.22,March,0.123555121
3288a67e-030c-48e8-9e24-08fa70dc4769,7/10/2023,John Ashley,South,Clothing,9,1585.36,212.38,July,0.133963264
b1886048-84dd-4869-b816-3f1a1677013b,8/9/2023,John Anderson,South,Clothing,7,185.01,42.52,August,0.229825415
8b67e0d3-05d7-4967-ad96-35ef1426a5dc,9/18/2023,Jennifer Ramirez,North,Books,1,548.66,33.65,September,0.061331243
d4efad3e-4b8f-42b4-9ddd-6df0329b6386,7/5/2023,Grace Melendez,North,Home Decor,9,856.19,138.52,July,0.161786519
4896c62c-b397-4350-838a-325db4369152,10/24/2023,Patricia Barnes,East,Groceries,9,140.38,35.07,October,0.249821912
c2f27fc1-b210-4ccd-a51e-0bdec816c4aa,1/25/2023,Mrs. Jamie Gutierrez,East,Books,5,1714.59,334.91,January,0.195329496
6f5714d7-a0be-4a1c-802b-2f928dc57bd9,9/6/2023,Diane Bonilla,West,Sports,5,1219.05,237.38,September,0.194725401
f7fc0bd9-eafe-4d1f-ae79-3d5fd31470c8,9/4/2023,John Ross,East,Sports,1,1482.11,249.59,September,0.168401806
b8c6773e-9610-4047-b849-07a1d5810613,6/3/2023,Valerie Ritter,West,Groceries,8,239.8,49.2,June,0.205170976
a5743bd3-95f7-4d29-a9da-a8edd161387f,8/22/2023,Joshua Torres,North,Groceries,9,394.31,93.57,August,0.237300601
ae84f778-10d9-438d-8f73-efb170dc9c84,10/27/2023,Andrew Gonzales,North,Books,9,65.63,4.77,October,0.072680177
7f42af90-e412-4b0b-9260-a30d2edc5fdd,3/30/2023,Crystal Johnson MD,West,Sports,3,772.52,68.42,March,0.088567286
fd577cea-a623-4278-ba94-f14b08302ee6,12/7/2023,Brett Hahn,South,Home Decor,6,714.55,157.08,December,0.219830663
6e7703ae-acd8-4b9f-aff0-0a21add7ae79,3/11/2023,Joseph Barr,South,Sports,2,806.22,53.17,March,0.065949741
2868c76b-7a94-4483-a8ce-122009b12bc9,3/11/2023,Jeremiah Rubio,North,Clothing,9,636.93,154.21,March,0.242114518
cc4589b5-bbd4-44ed-8867-4c9bbba6ad3c,12/14/2023,Mary Wells,South,Groceries,7,1174.2,66.87,December,0.056949412
115c3e92-7618-4f28-8296-7bdf54f22060,4/29/2023,Andrew Wilkins,East,Clothing,10,670.49,129.7,April,0.193440618
a2334974-746c-4933-aee6-9c71ee166b74,1/24/2023,Michelle Carter,South,Books,4,1319.64,270.38,January,0.204889212
cb622873-0aeb-4087-8a5a-61a06c87ecd1,5/1/2023,Christine Liu,East,Sports,9,1621.56,237.29,May,0.146334394
0b08da95-9fee-499a-8878-f6db004cdaf0,12/26/2023,Adam Parker,East,Books,3,959.62,238.9,December,0.24895271
052d143c-23a6-4526-95e3-f32914cca279,3/2/2023,Shawna Harrison,East,Home Decor,9,1870.27,214.3,March,0.114582387
a939e190-c6f1-43ad-9b86-d80d10b8c060,10/16/2023,Rebecca Jones,West,Groceries,9,1844.76,226.09,October,0.122557948
b7b61710-793c-4d79-9d79-3750148e9fb9,2/14/2023,Brett Freeman,West,Home Decor,4,620.88,93.14,February,0.150012885
dae3c720-2360-4b82-9a14-3f918a34065b,11/30/2023,Jonathan Barron,West,Electronics,8,763.27,179.27,November,0.234871015
08fbfe11-f54e-4889-81ac-d529a0641fcb,5/25/2023,Jennifer Anderson,West,Clothing,4,891.43,123.43,May,0.138462919
5f2bf222-e578-4952-a0cd-c9dbfea0eb70,10/11/2023,Danielle Daniel,West,Books,6,582.05,34.33,October,0.058981187
3dff332b-4e84-4106-a8a7-43106473b904,7/25/2023,Kristina Armstrong,South,Home Decor,5,1333.21,187.95,July,0.14097554
bc3548c5-5d46-49ba-b777-40fcc70312b9,8/8/2023,Brittany Sullivan,East,Sports,1,549.43,112.51,August,0.204775859
bd966783-41ff-4f63-a4a3-b63500513063,4/21/2023,Kathy Smith,North,Groceries,10,406.3,68.48,April,0.16854541
bc125541-7d53-4839-9414-6a201da72b62,9/22/2023,Marissa Taylor,South,Groceries,3,809.81,68.59,September,0.08469888
2c14c68f-0a73-49a9-9f49-9c15238bc512,7/7/2023,Desiree Green,West,Books,4,531.97,38.3,July,0.071996541
806dd8c5-1856-4169-a1fe-e9cffc3faf9f,12/23/2023,Robin Morris,East,Home Decor,1,146.54,23.81,December,0.162481234
3e3292db-b0bd-4bdd-abbf-9e6d9e19e188,11/5/2023,Mark Flores DDS,North,Sports,3,114.27,8.43,November,0.073772644
634ad5b9-fd72-4908-adb8-a483c65233ab,5/17/2023,Patricia Bernard,East,Sports,9,1447.92,336.63,May,0.232492127
6bcf2a76-c1d8-4799-b760-77bb08a3b1e3,8/5/2023,Mark Hall,North,Electronics,2,707.62,160.17,August,0.226350301
4487989e-fb20-4ab5-be98-e6d20bf2e1da,7/28/2023,Robert Gillespie,North,Sports,9,1071.98,165.27,July,0.154172652
3a0aff49-4444-4f7d-ada6-b225c607fad9,10/8/2023,George Butler,West,Books,5,414.94,71.71,October,0.172820167
f35fda3e-ed38-405b-9e8a-511b40de6794,9/12/2023,Tara Valencia DDS,West,Clothing,6,1067.25,220.87,September,0.206952448
97e27d7a-9c36-4f6d-9121-9f59df240ae5,11/16/2023,Ashley Jimenez,West,Sports,5,210.7,39.11,November,0.185619364
cc800b04-07b0-4900-8154-1c1e420fedb8,1/29/2023,Robert Gregory,West,Home Decor,7,1751.01,367.64,January,0.209958824
32ab7704-d185-4d3a-8c73-3b789542bc57,8/24/2023,Christopher Sullivan,East,Books,2,1466.71,348.31,August,0.237477075
e0305e2d-7431-4877-b081-4e4de40f2900,12/22/2023,Maria Mullins,East,Home Decor,9,1259.95,150.72,December,0.119623795
5d7ee6e3-58bd-4490-926c-34f8f6b1557e,8/1/2023,Leslie Nixon,South,Groceries,7,979.5,78.22,August,0.07985707
3a614c6c-e6ab-4199-9e93-18967ada5a66,2/15/2023,Alice Cox,West,Groceries,6,259.29,19.43,February,0.074935401
a1a85267-e38b-4adc-b994-56d7bf8923ab,10/8/2023,Shannon Trujillo,North,Clothing,3,999.4,172.52,October,0.172623574
9d592226-302d-4194-ae55-0e17de5dd6f9,12/17/2023,Pamela Smith,East,Groceries,9,359.68,39.01,December,0.108457518
d3c94fc4-71da-4538-bfdb-8ef3619b351e,10/18/2023,Peter Martin DDS,North,Books,6,774.43,151.62,October,0.195782705
e8968a9f-2884-4ee7-aec6-c987b378e45d,10/14/2023,Nicole King,East,Home Decor,4,1923,160.3,October,0.083359334
40131e33-277b-40ad-befe-d21819475fb1,8/9/2023,Thomas Curry,South,Sports,6,1895.71,198.58,August,0.104752309
6ca1c7a8-ba71-4935-89d9-a4015207cce5,3/10/2023,Joseph Newman,North,Groceries,2,853.31,147.69,March,0.173078951
601b3bb5-48ef-49a4-b8c0-ace840a08643,7/10/2023,David Edwards,North,Home Decor,9,1626.11,363.54,July,0.223564212
6c002fe0-33f7-4404-808b-20f6f281e24c,8/25/2023,Kathryn Lucas,North,Clothing,5,1827.38,213.82,August,0.117009051
8e383437-6a1c-4817-8584-d26cf7243a0c,4/16/2023,Pam Bowen,South,Clothing,3,1890.3,147.98,April,0.07828387
cf4d5d14-adc0-4cdf-be29-781507814bf4,2/3/2023,Diana Shepherd,North,Clothing,9,1407.02,152.39,February,0.108306918
bba9048a-be7c-4e1e-8e4e-707771e54207,6/1/2023,Hannah Ruiz,East,Groceries,3,1610.22,250.97,June,0.15586069
5b123a92-9b6f-438a-8665-be98c138418d,10/1/2023,Laura Drake,East,Books,7,1634.94,334.87,October,0.204820972
a0fe1900-7402-4ea1-9b39-285ec9cf17ba,3/23/2023,Austin Davis,West,Sports,6,287.38,42.3,March,0.147191871
c851c1df-7d1e-462d-a78f-58a0fb6de7c2,2/19/2023,Mrs. Sarah Dalton,West,Books,3,1490.75,206.58,February,0.138574543
c676a324-395c-4894-bdeb-26efcced6bff,11/25/2023,Glenn Warren,North,Books,5,1095.25,164.78,November,0.150449669
985cb514-e550-4cea-a670-1b6688fcabb3,1/18/2023,Jorge Long,East,Books,6,747.12,151.94,January,0.203367598
31cef544-5707-476c-af13-7c9710587f45,2/7/2023,Carlos Taylor,South,Books,2,182.02,42.22,February,0.231952533
77698480-a0fd-491b-a3a8-38090cf04051,1/18/2023,John Berry,North,Home Decor,1,592.05,101.41,January,0.171286209
77c96139-e1b9-450e-a16d-9a63eb8313a8,8/7/2023,David Turner,South,Groceries,6,1664.18,405.5,August,0.243663546
4e72d338-1c2c-4464-ad5a-14c79fce8337,12/21/2023,Gary Macias,North,Clothing,9,1685.17,395.33,December,0.234593542
799d0336-c123-4913-a83a-e02701d1f888,9/13/2023,Kevin White,East,Clothing,8,1929.87,309.53,September,0.160389042
6e939338-7c7e-4bd2-b193-48ca444dd831,6/7/2023,Daniel Butler,North,Sports,5,736.25,62.26,June,0.084563667
312bccf8-c55f-4b17-a0c9-293a6c908b5d,9/17/2023,James Patterson II,South,Books,4,884.26,181.04,September,0.204736164
732ae464-cf76-4ef8-8cc6-315b4a97676d,4/14/2023,Chad Morris,East,Clothing,5,1804.57,173.8,April,0.096311033
7f49db7a-3816-4876-8da5-a0a05700fb19,5/14/2023,Joel Anderson,West,Home Decor,4,1906.55,206.41,May,0.108263618
a9333123-1665-4367-ac97-f169516bb4ed,3/1/2023,Kevin Wallace,East,Sports,6,518.27,72.88,March,0.140621684
60fbba8f-1cc9-4fcc-9ddb-b059ffb9c71b,5/3/2023,Timothy Bates,West,Electronics,3,1109.03,200.57,May,0.180851735
a889ea84-3070-4155-8062-87fadd330a90,5/6/2023,Emily Chase,South,Electronics,10,1887.88,242.9,May,0.128662839
3da104bc-f565-482a-b9a9-75ca28b671b8,9/10/2023,Cody Abbott,South,Books,4,1501.06,94.44,September,0.06291554
be850394-60fc-44e8-8d0d-82f91b13a405,1/31/2023,Stephanie Mosley,South,Clothing,6,1365.72,160.67,January,0.117644905
1cf0589d-ebde-4e11-8ec5-c62d24020912,2/4/2023,John Taylor,East,Sports,7,1103.53,257.34,February,0.233197104
93a36537-14f3-478d-8804-0c13180aa66a,2/28/2023,Sandy Lawson,North,Electronics,3,1305.01,324.63,February,0.248756715
e6effcd1-6728-4f94-9370-bdf9d85d37fe,8/14/2023,Samuel Yoder,North,Sports,4,1764.85,409.12,August,0.231815735
cefad840-a594-4453-acb1-6080a06d8653,3/8/2023,Michele Gallagher,West,Electronics,6,1914.98,477.51,March,0.249355085
361fbb08-15ee-4174-b971-55a0d3341b0a,6/6/2023,Steven Moon,South,Sports,4,133.09,20.98,June,0.157637689
e6ad2510-de7b-4c42-b4b2-0954bc5115e7,9/5/2023,Stephanie Howard,West,Sports,10,1378.93,184.74,September,0.133973443
756ab870-4d62-4581-bf6d-c856c9e93ebe,9/13/2023,Evelyn Coleman,West,Clothing,6,747.65,94.34,September,0.126182037
202aae64-10af-4961-bb2d-1fc9eded54e3,11/11/2023,Gregory Porter,North,Home Decor,7,1567.66,163.19,November,0.104097827
224c85db-5286-469e-9eff-10783985577f,12/22/2023,Jessica Ward,South,Electronics,1,1173.31,72.25,December,0.061577929
f963aee1-96f9-4129-97ed-b96bdc413314,3/19/2023,Joshua Keller,South,Electronics,6,1229.84,95.33,March,0.077514148
4bc61ffd-c610-43ed-851b-1c8ce0c012d2,9/5/2023,Stephanie Odom,South,Sports,1,1084.22,102.39,September,0.094436553
b589931f-8c66-4964-801f-9c5f321a1128,1/8/2023,Lisa White,West,Clothing,6,122.58,14.25,January,0.116250612
8748cffa-fb91-4c6a-87b8-e8c8748fd139,11/20/2023,Jeremiah Rodriguez,North,Books,1,1153.85,145.29,November,0.12591758
9bb3aa4c-5147-43fa-ab7a-00d8dec0efbf,8/7/2023,Kimberly Hopkins,North,Electronics,10,1822.58,285.22,August,0.156492445
bcd8d4e4-b8d0-46c1-8506-b30c2513be03,11/6/2023,Zachary Braun,East,Sports,4,926.92,148.37,November,0.160067751
d98efec6-8fde-4b3c-9584-23a5005ba4e1,11/25/2023,Oscar Drake,North,Home Decor,9,958.38,213.55,November,0.222823932
aae0a764-4fd4-4443-a84b-60ec5235fb42,1/8/2023,Pamela Rodriguez,South,Clothing,2,1244.44,238.93,January,0.191998007
c8e8868f-e515-4377-ad66-1445bb61ef9d,3/17/2023,Megan Chang,North,Home Decor,4,1915.92,251.84,March,0.131445989
5e3fafbf-fc06-43de-adb3-a8a79e9e44c5,5/20/2023,Victoria Lynn,South,Electronics,10,1384.5,181.5,May,0.131094258
01e1dd8c-91a7-459b-b914-7d0ebca1e7cd,12/14/2023,James Williams,West,Groceries,1,1444.72,192.46,December,0.133216125
a2d9281b-9433-4bb0-903b-a901337faf64,12/11/2023,Adam Hernandez,East,Books,1,1688.24,172.83,December,0.102372885
c6eb245e-4b7b-427a-a20e-222447d35352,2/20/2023,Stephanie Stewart,North,Home Decor,9,99.57,9.6,February,0.096414583
debec758-8431-488c-8427-635ecf186b91,12/11/2023,Joseph Henry,North,Books,3,1562.4,272.44,December,0.17437276
fdf15622-6751-41a4-ae08-db6155d8e17f,4/29/2023,Joseph Morales,South,Groceries,7,700.32,88.83,April,0.126842015
77887200-b6bd-48d6-a8c2-215dd739bb9e,12/14/2023,Tanya Smith,North,Clothing,6,533.12,55.04,December,0.103241297
aeb405f1-d006-434c-adb5-2ad7db3d977b,10/20/2023,Jeffrey Singh,East,Electronics,8,1097.51,257.25,October,0.23439422
f0dfb9ca-9fe1-462d-abba-5e48fe31866f,2/20/2023,Cassidy Lee,West,Sports,3,1661.28,381.41,February,0.229588029
96561c94-29ef-4dfc-8199-2dc5d7488a76,12/26/2023,Sean Nelson,South,Electronics,3,1755.71,428.91,December,0.244294331
2f06771e-f7f6-4599-af1c-1ff43f848dfc,11/28/2023,John Olson,West,Books,9,218.89,40.5,November,0.185024442
ca1e5dac-1701-4bcc-be9e-5d82bcbbf1f9,2/15/2023,Amy Johnson,West,Books,7,747.74,156.17,February,0.208856019
a5660feb-35b9-46bd-901d-169d25ab3477,10/17/2023,Sonya Garza,West,Books,6,200.92,42.04,October,0.209237507
85b3a01e-e414-4592-92ce-51fd55ed6029,5/20/2023,Brendan Freeman,South,Sports,1,1037.13,184.24,May,0.177644075
23ed6d79-186f-4ef1-8977-7f5b9a614ac8,3/20/2023,Pamela Hudson,South,Home Decor,6,516.9,96.7,March,0.187076804
2d8cf7e1-2158-4621-b79f-3b37f0c0dc32,6/12/2023,Anna Mckee,East,Clothing,10,1171.47,155.56,June,0.132790426
b5e2d9ff-fcb0-407f-b212-78352b4d0a93,12/26/2023,Desiree Rhodes,North,Home Decor,9,1041.99,76.88,December,0.073781898
6f6972a5-57ed-4cd1-b048-d3c90ff34b4c,5/11/2023,Nicole Foster,North,Groceries,4,238.5,46.16,May,0.193542977
7b51a1fa-10c5-45d5-9405-9bed1fb861a3,12/10/2023,Gary Simmons,West,Clothing,8,1132.08,159.06,December,0.140502438
16fca750-fa67-4a04-ab44-d7a254e1b6c1,8/25/2023,David Savage Jr.,South,Books,10,1101.87,259.54,August,0.235545028
db3d6636-28e1-48af-a022-55129ed03a7e,8/6/2023,Jimmy Conner,West,Groceries,8,1753.37,431.94,August,0.24634846
deb5b9e5-d838-43ce-b444-8cb3be767191,2/24/2023,Zoe Morgan,North,Groceries,4,330.58,38.83,February,0.117460221
678bc924-0775-463a-8881-f40077dd2307,9/27/2023,James Hester,North,Sports,1,518.66,112.11,September,0.216153164
4cf2d732-d190-48b1-8e8a-f4d821bf4a30,11/30/2023,Taylor Shepherd,East,Electronics,7,658.5,87.11,November,0.132285497
e8497caa-531b-4b0e-9be8-2d6c01c5592b,5/8/2023,Christopher Mcbride,North,Electronics,2,483.57,68.08,May,0.140786236
cfc76634-cea3-43b4-93df-0c5af3afc368,3/2/2023,Alexander York,South,Groceries,2,1188.52,201.75,March,0.169748931
ec737312-d0a5-4c1f-9eaf-525273ec1e79,3/2/2023,Sean Hunt,East,Books,3,310.45,74.2,March,0.239007892
b11edb43-21d9-4c64-96ee-bfe7f5a182c5,7/27/2023,Brenda Fisher,West,Electronics,3,1325.13,183.03,July,0.138122297
1cc39cbd-3e07-4fa7-97c9-8c2e151a3787,12/29/2023,Victoria Jackson,West,Sports,7,830.63,70.45,December,0.08481514
0717eb47-3104-47c5-b152-5077a7806577,3/20/2023,Tanner Cordova,South,Books,5,488.89,105.95,March,0.216715417
84e9b5ff-e89a-406d-b163-8db040af9066,11/5/2023,Erin Kelly,West,Groceries,1,487.87,81.29,November,0.166622256
390b72fa-d882-4713-a97a-194e6ef93741,10/19/2023,Amanda Russo,West,Sports,6,221.77,36.44,October,0.16431438
654075ad-bace-4b08-9898-9aded1dda656,12/7/2023,Natasha Smith,North,Electronics,8,428.11,74.59,December,0.174230922
4b2bac3c-5950-42bd-900e-7701f888932e,10/5/2023,Robin Lewis,West,Groceries,3,1807.55,126.22,October,0.069829327
1e682c1f-f26b-459b-b85c-fc9ecf130e07,11/8/2023,Nicholas Campbell,East,Groceries,7,1583.43,98.93,November,0.062478291
d3e4df8f-9f74-4716-bfa8-57c8b5f284e0,5/17/2023,Brittany Cain,East,Groceries,1,1147.44,262.77,May,0.229005438
2f914af5-d2c1-426b-93e1-4526d2e922b3,3/7/2023,Alyssa Farley,West,Electronics,1,933.77,154,March,0.16492284
3747414b-1140-48ae-8923-24d63ffdd31f,12/26/2023,Blake Rhodes,West,Home Decor,2,1686.46,402.78,December,0.238831635
2b675ae0-c5d2-4579-991f-3240cb4ced8b,5/6/2023,Victoria Moran,South,Groceries,8,1860.03,460.91,May,0.247797079
701a484e-f57b-4006-9fc0-993b0c60a98b,11/11/2023,Pamela Chapman,North,Home Decor,10,1772.36,135.22,November,0.076293755
981f25ed-0c7c-4761-a617-fe49044ec9a8,10/29/2023,Joshua Snyder,West,Clothing,10,1882.26,318.38,October,0.169147727
fdf3aece-bd9a-424e-932b-99a54a789a0e,3/15/2023,Paul Gonzalez,South,Clothing,5,1820.39,446.79,March,0.245436417
fcb9d139-e23b-4e07-8035-d58bca6838d1,8/9/2023,Jake Gardner,East,Electronics,2,879.42,66.22,August,0.075299629
031e3c42-4dc5-47e2-94ad-651639e72e2a,8/29/2023,Eric Payne,West,Home Decor,5,823.99,180.17,August,0.218655566
d219c778-5891-4706-843b-5096d39e4b11,8/11/2023,Benjamin Mccarty,South,Clothing,8,1260.86,87.15,August,0.06911949
98d38b06-a454-4742-9659-182603b62dc0,2/9/2023,Chase Johnson,South,Groceries,4,973.58,74.53,February,0.076552518
4b3d1b2a-770b-48a7-91fd-78156e3f32e8,12/20/2023,Alejandra Hall,North,Groceries,7,241.67,54.91,December,0.227210659
03814d2b-c6c6-46de-a5dc-21c9114acf8e,11/12/2023,Michael Gibson,North,Sports,8,91.44,14.21,November,0.15540245
384a28d2-bbe7-4ec4-acdd-930399063e5b,9/17/2023,Brandon Long,North,Books,5,1571.98,241.32,September,0.153513403
2bd11b15-4871-4831-90fc-e12b67c6e2b2,9/10/2023,Amanda Williams,East,Clothing,6,1586.77,319.54,September,0.201377641
838e0b04-ec52-4ef1-b374-263e84cf7446,11/24/2023,Michael Mccoy,West,Home Decor,1,803.72,68.71,November,0.085489972
a158972b-f965-44a7-834d-88db7e10fabc,11/12/2023,David Johnson,West,Sports,10,1043.28,125.74,November,0.120523733
365d3eed-327b-4556-9162-63b72f1d4b70,1/19/2023,Christina Ellis,West,Clothing,3,1739.51,269.93,January,0.155175883
24d592f6-cb57-4070-8e04-22b4bb9f636e,1/14/2023,Edward Morris,South,Clothing,2,1659.59,395.13,January,0.238088926
1c4a7916-cebf-422d-8c35-eb9161f1325b,3/12/2023,Jennifer Brown,West,Books,2,992.97,104.63,March,0.105370756
c90f3f1a-6147-4a02-8ad9-28d4298cf53d,10/21/2023,Rebecca Hardin,North,Clothing,10,1186.56,219.63,October,0.185098099
b051460d-9f78-441e-a237-056f714bb95e,3/28/2023,James Castro,East,Clothing,1,1471.15,288.26,March,0.19594195
664aaa39-8354-404f-b740-49d33a4bcaab,11/13/2023,Angel Jensen,South,Books,8,362.32,58.29,November,0.160879885
4da72eb9-2a4b-4525-a134-e7a5273dad16,7/8/2023,Nicholas Fernandez,East,Books,3,820.87,89.46,July,0.108981934
ca1871c6-9e7b-4789-873c-6d8bfeeb9881,1/11/2023,Carlos Richmond,North,Sports,9,1059.51,67.09,January,0.063321724
83dc0101-0b63-483c-a341-31e25dce8477,3/11/2023,Dawn Cannon,North,Groceries,9,1192.36,232.22,March,0.194756617
c637c71a-ef98-42da-9c88-48ba6ab09995,3/25/2023,Mary Nelson,East,Clothing,8,1940.81,219.89,March,0.113298056
d6dffc21-b1c2-4d56-9ae3-237faa884965,1/24/2023,Leah Lee,North,Groceries,6,285.76,57.5,January,0.201217805
31dbd1d5-48e0-43be-9bf2-b6a11b95cd28,4/15/2023,Ronald Brown III,North,Electronics,5,628.1,156.53,April,0.249211909
1f265d01-60e2-48c1-af5f-7bd63021c8ad,12/22/2023,David Rivas,South,Clothing,4,915.43,100.87,December,0.110188655
8898a682-e096-4f21-86e0-90ea64032ee1,7/27/2023,Miss Tracy Reed,West,Books,4,930.59,230.24,July,0.247412932
82dcf736-3374-4da6-b58e-2a1ccdf53f9b,9/17/2023,Jeffrey Rodriguez,West,Sports,6,1075.1,120.91,September,0.112463957
8d87b7e8-ac91-472f-ac14-b828f9b43af7,4/27/2023,Stephanie Garcia,South,Groceries,1,794.12,112.85,April,0.142106986
c2411753-bd3a-48bd-8c58-3f50d8d02c0d,5/18/2023,Robert Mitchell,East,Books,4,1193.41,157.55,May,0.132016658
89fb4504-ec1c-4538-9956-6c07ea9be4dd,4/25/2023,Steven Wright,West,Electronics,9,1869.47,460.18,April,0.246155327
ee51bca0-44c0-45ed-ad2d-b46a5bb955f9,8/14/2023,Angela Owen,East,Home Decor,5,1418.02,140.67,August,0.099201704
a09c93de-d12e-461b-b6ad-2cfc23f4fe14,5/8/2023,Whitney Conner,North,Home Decor,10,1774.53,164.62,May,0.092768226
51a2fa15-7b6c-4adb-8490-758166ab247a,5/17/2023,Amy Cannon,South,Clothing,4,318.11,38.1,May,0.119769891
10fb5581-cccb-4dfb-b0a1-baa56921c1c0,11/16/2023,Karen Campbell,East,Electronics,10,1413.54,209.86,November,0.14846414
a032943c-4ab8-48c7-bb34-252964d63e97,6/30/2023,Andrea Rodriguez,East,Sports,2,1612,279.3,June,0.173263027
e8d7025b-8a8b-403e-bafd-02b84b990ee7,2/11/2023,Mark Silva,East,Home Decor,3,291.75,20.76,February,0.071156812
e31b328e-3a32-4205-9e26-b29d8615ad73,1/13/2023,Jennifer Harmon,North,Books,5,1468.45,256.11,January,0.17440839
2539ed26-9af1-466f-8909-74e41ddde15a,10/29/2023,Matthew Rodriguez,West,Home Decor,5,163.69,26.82,October,0.163846295
994d799a-9922-4957-ae70-5259262ae4c4,4/25/2023,Jorge Reynolds,East,Home Decor,2,417.34,61.13,April,0.146475296
265a9190-55b1-41c6-8592-51e1de0a09a6,12/8/2023,Glenn Hodges,West,Clothing,5,735.7,67.37,December,0.091572652
8fda05f0-e45d-4a7c-beb9-6961bc16ca04,2/9/2023,Lisa Wright,East,Sports,8,491.46,121.47,February,0.247161519
7e54ed03-eef4-4592-ac1c-6fe4b2b5591a,12/25/2023,Michael Mills,North,Books,3,124.69,9.88,December,0.079236507
42493187-676b-44a1-acd2-742da246b856,4/22/2023,Luis Clark,East,Sports,3,303.91,45.73,April,0.150472179
c8614c36-b916-4519-82a6-99a5571cf04d,7/18/2023,Colleen Chapman,South,Groceries,5,1476.74,358.01,July,0.242432656
abe04a61-09ca-474d-a097-9829cc898b6a,10/17/2023,Andrea Poole,South,Sports,3,1737.18,282.36,October,0.162539288
0494305d-7194-49f1-8114-fa1055b3b1ac,2/7/2023,Michael Mcneil,East,Electronics,5,1539.07,189.93,February,0.123405693
5bc1c77a-fa29-4ad9-9cae-1234bb10d406,5/14/2023,Margaret Ochoa,South,Clothing,1,129.51,23.92,May,0.184696162
89d78ab3-94be-4e35-a0e3-8dd6f7003585,12/20/2023,Jaime Smith,North,Clothing,3,596.9,128.79,December,0.215764785
0631d91b-5073-439f-9e6a-d906e25cf3af,4/30/2023,Larry Gardner,South,Sports,5,1187.16,289.18,April,0.243589744
f6bd16ac-4ab5-4701-8e6b-81a3e9edc59c,6/18/2023,Russell Williams,North,Books,4,1654.66,96.42,June,0.05827179
aaed8b53-3917-4ae8-838e-fb8c15362c1f,3/18/2023,Heather Davies,South,Home Decor,2,656.29,110.15,March,0.167837389
46685cdd-75f9-4f41-90a1-5299054efa50,6/18/2023,Mark Fuller,North,Clothing,6,155.41,25.93,June,0.16684898
dd82ab3e-2868-4bdd-82c8-1d1173f19747,9/3/2023,Cindy Swanson,East,Books,3,903.97,216.91,September,0.239952653
0de68b59-c484-4813-9eab-d8f7178234e8,1/2/2023,William Lozano,West,Clothing,9,484.29,120.75,January,0.249334077
bc854e3f-5fe1-4a9c-8a70-c69290d8416a,9/17/2023,Darrell Scott,West,Electronics,4,329.79,36.28,September,0.1100094
9de1a139-ed01-4648-bcc5-97637f449ece,9/12/2023,Victoria Hammond,South,Home Decor,6,1181.21,154.25,September,0.130586433
3b6b8130-f687-4f7a-b683-4a01bdb5ff1d,7/16/2023,Patricia Sanchez,West,Groceries,9,1895.84,98.47,July,0.051940037
cdbdc97f-b9fd-4ad9-9665-9f3a9708539e,2/8/2023,Andrew Castro,North,Groceries,2,1647.68,86.16,February,0.052291707
a2cb0fef-c330-4d4f-9dcc-5998bc6b0535,8/27/2023,Matthew Foster,South,Books,9,624.77,35.92,August,0.057493157
4cab56c3-9c51-4c71-a071-986835f295fa,7/23/2023,Tonya Warner,South,Electronics,9,1822.7,426.63,July,0.234064849
911dc9fc-9216-4634-b541-51b00cdff20e,8/4/2023,James Boyd,West,Books,2,832.93,129.97,August,0.156039523
50625b3b-d238-4cf5-9ef8-021cbce9ff07,4/7/2023,Deborah Bates,North,Sports,2,978.94,210.25,April,0.214773122
1a6ec0e3-7259-44c4-b3c4-3ceb44678179,8/11/2023,Dawn Horton,South,Electronics,6,1395.76,76.71,August,0.054959305
57446b2d-ddb3-48ee-af8b-6cbeb759f3ec,12/22/2023,Emily Watts,West,Home Decor,7,1153.36,144.48,December,0.12526878
96bead62-d52d-4285-943e-882cb7068b26,10/16/2023,Brian Sanford,West,Groceries,1,1049.8,101.44,October,0.096627929
04a0e784-04ae-40bd-ae2f-75b1efda5982,2/10/2023,Laura Contreras,North,Electronics,3,827.04,70.9,February,0.085727413
3c8c7cf6-bda2-421f-bfe8-8e46051cd1e8,5/1/2023,Ashley Wade,North,Sports,9,1241.84,207.66,May,0.16721961
be8809a6-f1e9-42dd-b367-d0f2439c6004,4/17/2023,Kayla Mueller,South,Home Decor,5,688.84,43.57,April,0.063251263
9383bed6-dbcf-4686-8232-4d7203d03575,6/5/2023,Susan Parker,East,Books,8,430.19,42.34,June,0.098421628
27503d1e-1756-40d4-b187-594d577b1f95,10/29/2023,Lindsay Phillips,South,Home Decor,4,604.71,110.24,October,0.182302261
bf9d32ab-f28c-4582-af5c-0b9ceaaf74b3,5/30/2023,Robert Ramirez,East,Sports,6,1474.26,255.47,May,0.173286937
180f7232-79cb-46d2-8251-bdb2776adad8,10/25/2023,Clayton Donaldson,North,Books,4,1562.79,217.24,October,0.1390078
f755b463-5c34-4e94-8040-0fe8c68b1f6e,2/2/2023,Yolanda Tran,North,Home Decor,3,1512.45,267.03,February,0.176554597
e2238f55-48e4-42fd-b89e-d0ff2c8cb3fc,12/1/2023,Anthony Santiago,North,Clothing,4,484.95,111.33,December,0.229570059
a0766bc3-9ecb-4f97-8201-af5a45276f0f,7/4/2023,Jonathan Flores,East,Electronics,6,382.61,56.04,July,0.146467682
9f51a24a-d4c0-4dad-b2e7-4f09cef22861,5/5/2023,Robert Calderon,North,Clothing,9,634.37,134.97,May,0.212762268
286334df-720c-4d00-8077-c6f07dba43cf,3/9/2023,Luis Neal,North,Sports,8,71.8,15.41,March,0.214623955
cac385bb-71f7-488d-a149-ef270c33ceda,4/5/2023,David Sawyer,South,Electronics,4,1997.28,103.26,April,0.051700312
758eff25-033f-492f-ad9d-81e70685e760,5/28/2023,Linda Johnson,South,Books,1,990.23,104.03,May,0.105056401
8fdd2315-6676-44ce-bcea-20e0c497449d,4/8/2023,Christopher Garcia,East,Groceries,3,852.21,85.05,April,0.099799345
c64775d5-a91c-4219-8649-a7606c50ccc2,1/22/2023,Chad Smith,South,Books,10,796.13,77.84,January,0.097772977
559a5f6d-43f7-4e73-96a6-2bec95999d25,11/18/2023,Rebekah Cook,South,Books,8,1524.03,361.57,November,0.237245986
d1576498-ada3-45ee-8491-67c9b5192f8e,3/31/2023,Joseph Ramos,South,Home Decor,10,339.04,45.09,March,0.132993157
8fb91db8-1d3b-4cfb-bd31-7f2fb72d9bb4,5/29/2023,Joseph Johns,South,Groceries,1,1257.27,235.58,May,0.187374231
3db11d61-b720-4aba-8c5d-5cd8265244e8,4/5/2023,Nicholas Compton,West,Clothing,1,906.65,48.18,April,0.053140683
aceb5b5a-f421-47e0-9c56-7c5c09d23041,8/11/2023,Johnny White III,North,Groceries,8,1493.49,238.17,August,0.159472109
0f2f6ba7-0166-472f-a41c-d0b73aa086f4,4/25/2023,Nancy Sims,West,Electronics,8,689.22,81.48,April,0.118220597
5481b307-993c-47c3-b953-249aff29867d,11/30/2023,Melanie Garcia,West,Sports,7,809.86,56.74,November,0.070061492
9450826f-f23d-434c-a9a2-0bc4ef59b502,12/14/2023,Alicia Bauer,West,Clothing,8,1600.86,366.67,December,0.229045638
49c85564-5e86-46aa-84cb-5e626391a567,3/2/2023,Chris Lopez,East,Sports,8,1799.39,442.51,March,0.245922229
c67518c9-5e19-42bd-828f-1175eb59d49f,5/14/2023,Pamela Young,South,Clothing,8,970.54,188.05,May,0.193758114
10912208-5d81-478a-9ef7-0581af71f4ae,10/26/2023,Brandon Andrews,South,Home Decor,3,455.6,89.44,October,0.196312555
d60bd6f7-367a-420c-a67a-eae2ccc0ae2d,6/9/2023,Travis Andrews,East,Books,8,822.18,133.01,June,0.161777226
519662cc-1c8e-4f7f-ac85-a655c8a8135a,7/23/2023,Chad Carson,South,Groceries,2,1216.35,273.47,July,0.22482838
77cc7a7b-4162-4a27-9b90-c27f2a5debfa,8/14/2023,Lori Davis,South,Home Decor,7,904.51,175.72,August,0.194270931
db0b921f-426a-4b9c-a653-b39e513527a3,4/12/2023,James Ward,East,Groceries,1,1405.33,303.42,April,0.215906584
de8d4a69-44a0-4ecb-9fb2-e686cbee3f1d,11/4/2023,Jermaine Miller,North,Home Decor,8,1860.25,402.91,November,0.216589168
75b10f2f-9509-4cd0-a85f-9f8a33213ea4,9/15/2023,Charles Rasmussen,West,Home Decor,2,642.36,42.82,September,0.06666044
22f06297-5d96-425e-8067-20b2c3ee79d1,8/19/2023,Robert Warner,East,Books,4,585.31,64.67,August,0.110488459
0d5e0895-d751-4fe6-983f-c86afad2873a,1/12/2023,Wayne Bradley,South,Electronics,7,1355.88,97.49,January,0.071901643
3ab2107c-9d02-444c-b5e5-f25ddefa3514,5/31/2023,Michael Jordan,South,Sports,2,797.54,117.91,May,0.147842115
673ce1e6-fb95-40e0-acd8-88239993bdd7,6/6/2023,Karina Acevedo,West,Groceries,8,121.62,16.65,June,0.136901825
8104908f-1f32-440f-9206-8f99d493227e,12/27/2023,Eric Jackson,South,Groceries,9,717.53,92.52,December,0.128942344
048d1c2b-4167-4a2f-a030-9b59b7d3589c,8/30/2023,Kenneth Price,West,Clothing,8,846.22,58.65,August,0.069308218
38137f83-c17f-4224-820d-f53f591eb142,12/18/2023,Randy Castillo,South,Groceries,6,734.72,41.91,December,0.057042139
03f9c3a3-5fb1-40dd-b4fe-f75045709961,5/2/2023,Alyssa Dominguez,West,Electronics,10,364.85,39.88,May,0.109305194
da1c0162-387e-4cae-81b6-2820e90a2364,12/2/2023,Jeffrey Oconnor,South,Books,2,711.72,93.84,December,0.131849604
cd492f0c-93c6-423f-a2b2-4fd9f275212c,11/6/2023,Brandi King,East,Groceries,6,1414.39,323.66,November,0.228833631
de7c2fb0-a96e-4d2f-9312-585790894dfc,8/4/2023,Calvin Huerta,South,Books,10,626.28,71.57,August,0.114277959
07e124e3-2292-44c0-8cbc-b225b7c8dc61,10/14/2023,Dr. Rodney Harrison,South,Groceries,3,663.35,79.27,October,0.11949951
4a459825-247b-44f7-8c2c-158b4f460897,10/17/2023,Mary Henderson,South,Clothing,1,811.37,123.99,October,0.152815608
ced15cd3-7641-4d98-978f-94a7cb830bae,7/13/2023,Michael George,South,Home Decor,3,541.88,97.47,July,0.179873773
bca12484-09aa-4e6d-b4bc-0560f1140c77,12/28/2023,Melissa Crawford,North,Home Decor,5,217.78,32.73,December,0.150289283
1a8f1af0-6ce2-4cf9-9d29-5d4db0b03350,12/19/2023,Jennifer Rose,East,Groceries,2,230.16,21.78,December,0.094629823
358a4939-58db-460f-a9f1-23022160af29,5/1/2023,Chris Clark,East,Clothing,2,914.15,135.92,May,0.14868457
409c3af1-ef42-4576-bf7b-e2552061f228,12/6/2023,Rebecca Brown,West,Books,9,1190.23,291.38,December,0.244809827
1b9c2648-5f00-4fa2-95f4-3cd7f1d22dfc,8/12/2023,Cody Ramirez,North,Sports,8,1317.53,254.78,August,0.193377001
1b905635-d9c1-4645-82ba-9db9a0279980,6/10/2023,Micheal Hoffman,East,Electronics,4,374.02,69.16,June,0.184909898
7be14cbd-9b7f-4e1b-ac95-3dddba85eeec,8/4/2023,Rhonda Johnson,East,Electronics,6,923.74,185.87,August,0.201214627
f3187705-6bfe-4f9d-acdd-497d1e8be9c3,11/5/2023,Michael Solis,South,Home Decor,7,480.17,96.46,November,0.200887186
e34d17ba-5805-4b33-8ba5-971dc4b02563,9/17/2023,William Wright,East,Home Decor,5,425.86,65.19,September,0.153078476
cf8af92d-5d73-4293-92ea-a2c762efeb3f,10/9/2023,Brittany Smith,East,Electronics,7,1790.87,404.73,October,0.225996303
cecdd0cf-d7fa-428c-955f-c34ceb5ea9c3,1/11/2023,George Vargas,South,Home Decor,3,1744.06,259.94,January,0.149043038
316bef00-8dc7-4e48-9e29-3bd91ae3b638,8/19/2023,Tony Reeves,East,Books,10,1460.27,130.28,August,0.089216378
eb63d7ef-1540-454d-a644-d4f4e0985dd3,3/24/2023,Justin Thomas,West,Clothing,10,885.38,135.33,March,0.152849624
695d5d5a-1da8-4429-a54b-260fb1d48b03,1/13/2023,Christine Jenkins,West,Sports,5,622.27,55.31,January,0.088884246
3c535a60-45f8-4a73-a32e-5fabc892030e,3/22/2023,Brian Swanson,South,Electronics,7,1284.23,116.81,March,0.090957227
32f0491f-6f6b-4219-a27a-e7a6d92685d2,12/25/2023,Valerie Lewis,West,Electronics,5,73.45,3.96,December,0.053914227
f60ea033-3716-4073-898b-16e9b6f891e7,11/30/2023,Tyler Ramirez,South,Books,7,516.35,47.02,November,0.091062264
553da58a-dd28-42a1-a278-6875e1ae1007,7/17/2023,Paul Cox,West,Home Decor,3,823.71,139.45,July,0.169295019
a9392def-e7cc-4816-90f0-89f30d1886c2,4/8/2023,Kathleen Lewis,South,Books,2,1174.51,170.77,April,0.145396804
1d507232-54a4-48c3-93ec-7d88199459c4,2/12/2023,Martin Casey,North,Electronics,5,1464.32,329.74,February,0.22518302
920fdf72-c9f7-45c8-8d92-4c83c9b29ee7,8/30/2023,Willie Allen,East,Electronics,9,1324,109.98,August,0.083066465
234e85fe-3cee-4eb0-a165-3fa639989ec0,1/26/2023,John Knox,West,Groceries,5,913.51,75.8,January,0.082976651
de74ae04-6c9f-41ec-bc31-63e18d40d542,1/16/2023,Amy Woods,East,Books,4,824.47,50.48,January,0.061227213
72fd518f-1a1d-41de-8b9c-fdfab75107eb,4/7/2023,Robert Cook,South,Electronics,10,1180.58,136.8,April,0.115875248
73e46350-ce0d-4340-b0cc-068d7a9f3f59,6/25/2023,Matthew Green,East,Groceries,8,396.43,65.23,June,0.164543551
63fdedb4-431c-427f-ae15-039a59cbdf86,9/17/2023,Daniel Hudson,South,Clothing,2,189.28,45.46,September,0.240173288
e76ba165-9bcb-460a-bc02-94d5cc49c10f,3/6/2023,Kyle Henry,South,Books,5,1488.2,336.95,March,0.22641446
fadc0b74-f817-41d5-9e90-679d7231468b,5/15/2023,Krystal Smith,North,Home Decor,4,742.56,129.99,May,0.175056561
08f2bc96-d0a7-46b0-9c3e-5d9b0640151e,12/11/2023,Danny Riley,North,Sports,6,972.98,117.99,December,0.121266624
059d3e99-ca7b-4dc6-8c63-ea50a00305a5,6/15/2023,Nicole Armstrong,East,Clothing,3,239.03,42.19,June,0.176505041
06b91213-a4cb-4a99-94e4-960c73fa5ecd,10/18/2023,Jason Hanson,East,Books,1,301.14,45.4,October,0.150760444
56ca50c9-ccd6-426b-8b2d-67b2bc881f9f,12/16/2023,Ashley Hill,South,Clothing,7,1802.35,332.72,December,0.184603434
b0a09584-9ed8-4fa8-9e55-f521a9fc795d,1/18/2023,Matthew Craig,West,Electronics,1,682.43,158.83,January,0.23274182
c11e95c3-92a5-4f24-9592-d2ca1926da1b,10/17/2023,Sherri Fox,North,Sports,7,136.96,7.77,October,0.056731893
2e40d5cc-1bb9-467b-99c8-7c0747951f79,7/29/2023,Kevin Jenkins,East,Groceries,9,1994.06,183.45,July,0.091998235
4289e5b6-e9f1-434d-9ad0-2d70eb0b5d4a,2/17/2023,Kristen Hall,West,Electronics,7,300.38,30.7,February,0.102203875
214c4d29-3a7f-4889-9f29-a50e133d9e6f,6/5/2023,Joseph Freeman,East,Electronics,10,1155.43,197.09,June,0.170577188
ff893bcf-c3e3-487b-9fae-c0ab3a70f605,6/2/2023,Mary Jones,North,Groceries,9,434.65,102.73,June,0.236351087
31243f80-cfed-4631-9bca-a8e0419ed40a,2/15/2023,Shane Henry,North,Electronics,7,920.3,186.81,February,0.202988156
bdd8c3c3-7e43-40b7-b356-5e5427b9528c,8/2/2023,Zachary Beck,North,Home Decor,1,76.63,10.26,August,0.133890121
74c78b15-aa8c-4f54-bad4-f768953f2ad9,8/11/2023,Amber Parker,East,Sports,8,1468.79,283.23,August,0.192832195
d7a750e8-3b38-46d0-8870-582ade8204b8,8/20/2023,Jennifer Barton,West,Clothing,4,1654.1,94.55,August,0.057160994
b917a31e-f683-48ec-934f-0013ecba187c,1/25/2023,Joseph Young,South,Home Decor,4,1960.94,280.98,January,0.143288423
be46a5d2-5280-4130-a16e-c8e5c9bad80d,4/28/2023,Jorge Nelson,East,Clothing,1,1191.66,168.66,April,0.141533659
689a0ced-3e14-44b1-9a00-cb0031f1f4f4,5/5/2023,Dr. Sarah Turner,East,Groceries,2,720.04,93.69,May,0.130117771
464a9b5d-3eaa-4f0a-9912-19b5ddf65a9e,7/27/2023,Daniel Leon,North,Groceries,3,215.34,17.2,July,0.079873688
adfd429f-70a3-4ddd-b9fb-3bcdf3826505,7/23/2023,Jenna Jones,South,Sports,9,1773.39,169.78,July,0.095737542
649e0f3a-63e7-46b7-8235-2cfc43d3c1cd,2/7/2023,Miss Rhonda Cain,East,Books,3,1581.71,92.6,February,0.058544234
6d4d2b1a-e524-4559-9548-29e56cf1c526,3/19/2023,Christopher Brown,East,Home Decor,6,553.81,36.75,March,0.066358498
9727212f-9293-4a3f-b3c0-9c1aa943ccd2,11/9/2023,Amanda Middleton,East,Sports,2,159.49,20.41,November,0.127970406
2a08214c-3c91-41d0-8f28-b6f3fc788700,1/6/2023,Amanda Ali,South,Home Decor,7,990.2,116.05,January,0.117198546
ec35be28-c038-4551-af06-46644ab83e18,12/16/2023,Evelyn Taylor,West,Books,10,1857.64,406.65,December,0.218906785
0364180e-226e-4286-bf16-2267318f7ba9,7/8/2023,Benjamin Thomas,East,Groceries,2,606.68,120.14,July,0.198028615
777da5f9-618a-427d-8534-756e86ae3731,12/14/2023,Jessica Turner,North,Sports,8,769.99,88.25,December,0.114611878
025c922e-dc3f-4480-a762-93862ac98394,11/10/2023,Patricia Jackson,North,Clothing,5,908.25,175.75,November,0.193503991
e06c28e5-ad8c-41a6-b3c4-02c506af1de6,7/22/2023,Brandon Boyer,North,Groceries,4,1745.76,381.36,July,0.218449271
734262c2-dc13-4a67-aed2-a4ac0f21ab05,6/29/2023,Crystal Archer,South,Books,6,1524.81,274.28,June,0.179878149
8609a654-183f-4ba6-8406-27718ad59b66,7/9/2023,Daniel Rodriguez,West,Groceries,10,1212.26,265.13,July,0.218707208
525bf551-665c-4421-ac5f-3b268f230a71,3/26/2023,Michelle Navarro,South,Electronics,8,83.61,12.92,March,0.15452697
e592e880-476f-43b1-bd64-bfa1ac98b681,4/18/2023,Kyle Flores,South,Home Decor,8,972.17,176.28,April,0.181326311
1b812e5f-2f7b-4b94-8d62-fd36d5f2437e,2/3/2023,Tina Burke,West,Books,1,779.39,159.38,February,0.204493258
b68c76f8-0984-447f-ac5f-cd55e777592e,6/28/2023,Karen Wright,East,Groceries,7,1560.78,362.1,June,0.231999385
c57a5c70-ecdc-47dc-b453-7473e8f6fee3,7/24/2023,Christopher Brady,East,Sports,9,316.23,58.25,July,0.184201372
3ae1ab40-0dfe-44b9-8d1b-85c99427ad92,12/3/2023,Elizabeth Clements,North,Home Decor,10,1607.08,131.85,December,0.082043209
cfd2f1c1-746e-40c4-81fb-9b2acfeeb9b0,1/10/2023,Shannon Fischer,South,Clothing,7,142.24,8.37,January,0.058844207
111475f2-2177-48ac-baca-0a805fd98507,10/9/2023,Diana Rivera,South,Sports,10,1328.59,214.92,October,0.161765481
5684797b-2a19-46e5-a74e-7c9afcbbb96c,9/7/2023,Brian Quinn,East,Groceries,2,914.58,201.36,September,0.220166634
dfe20e40-81f4-482f-8100-c20e5a9ba498,6/11/2023,David Bell,East,Electronics,1,1606.56,222.04,June,0.138208346
a9498f96-6ba7-44d9-a802-ab32f1095f1e,10/15/2023,Robert Huynh,East,Books,1,1304.8,118.6,October,0.090895156
19849ba8-bf46-4ad5-92f7-acd3ca4d7e3a,12/28/2023,Ronald Fisher,East,Books,7,1112.44,152.14,December,0.136762432
8fb5f417-de2c-4c68-a88d-f8af2f42cb58,10/8/2023,Mark Reyes,East,Sports,6,1929.86,190.2,October,0.098556372
7189094a-910f-4fed-a277-6fdff94cd0da,1/14/2023,Donald Thomas,South,Books,2,1365.24,158.06,January,0.115774516
ab8802d4-cbc1-40f5-aa7c-044b8f6e6382,8/1/2023,Suzanne Larson,North,Clothing,2,957.24,172.65,August,0.180362292
688a1c81-81cd-44bb-a115-a910b92ff26b,9/13/2023,Sandra Wallace,West,Books,7,1386.56,286.11,September,0.2063452
43e3af49-34bd-4a0d-8e4a-580648a3920b,2/22/2023,Amanda Gonzalez,West,Books,7,547.3,95.76,February,0.174968025
9fe62e36-3162-4f95-896b-03e621a43722,1/22/2023,Melissa Mitchell,West,Electronics,4,1126.91,165.56,January,0.146915015
b0fca11e-8cec-413e-afb3-dafa6d9ed7ae,4/27/2023,Joan Smith,North,Home Decor,6,525.47,86.27,April,0.164176832
44cfc3ca-c3fa-4764-9fd8-a0ca3b036dfd,1/5/2023,Megan Richardson,East,Clothing,8,1634.64,252.03,January,0.154180737
aa1a5bc3-3709-44f0-93db-ee97175cf014,10/26/2023,Hector Moore,South,Books,3,622.66,144.12,October,0.231458581
810c715d-31fd-4c43-bd3b-10215453ef5c,1/17/2023,Shelly Bennett,East,Sports,6,495.06,59.62,January,0.120429847
3f377baa-c8d1-4ca0-bdc0-1482c8160df5,10/5/2023,Laura Bradley,West,Electronics,6,235.28,24.74,October,0.105151309
3b520373-febd-4555-9410-d4830b2e3d1b,3/21/2023,Sean Hayes,West,Clothing,9,736.69,66.37,March,0.090092169
cec1871a-b5c8-4060-89c7-35079d592a7b,6/3/2023,Mark Johnson,North,Groceries,8,620.15,78.99,June,0.12737241
9cfc308b-1ce4-4559-a1d9-44f67c7718ce,12/13/2023,Andrew Harris,West,Groceries,9,1702.69,308.08,December,0.180937223
94ed072c-9e78-4e1a-b94f-adcd5d1ee1f3,9/19/2023,Hannah Wade,North,Sports,4,1016.27,84.38,September,0.083029116
bd9695c9-4a08-4de7-8f6d-4f0130dc2737,1/18/2023,Heather Murray,North,Clothing,7,1629.34,346.62,January,0.212736445
7ecbcd45-335b-4677-9f1b-925e6f66be87,2/8/2023,Andrea Lambert,South,Groceries,3,1950.16,305.39,February,0.156597407
fd3b748d-2782-43ab-a937-7d76f11ff82f,3/21/2023,Justin Chandler MD,North,Home Decor,10,368.67,60.55,March,0.164239021
f4208999-51f0-436c-b205-b5f7e0c05353,1/2/2023,Angela Gutierrez,East,Groceries,3,1988.76,243.42,January,0.122397876
3160e9c6-9e82-4eb7-b493-bdb157195343,10/12/2023,Keith Brandt,West,Groceries,6,1968.41,399.49,October,0.202950605
d82677a1-4b5f-4fc3-89c9-36a94ab15a67,10/4/2023,Robert Williams III,North,Sports,4,1329.05,234.67,October,0.17656973
78c65085-119c-41c4-be39-fd94f850cbec,9/17/2023,Richard Smith,East,Clothing,10,227.55,22.2,September,0.097560976
a6e880af-11e5-4c08-9e8b-e2457ad60b01,4/24/2023,Melinda Richardson,East,Clothing,4,1549.54,95.31,April,0.061508577
250d0c9c-a556-4f18-b145-c4675a0b37e8,4/30/2023,Thomas Barnes,West,Electronics,3,1895.68,271.9,April,0.143431381
9641af55-358d-4639-90bf-babda5d649dc,10/30/2023,Stacy Brown,North,Books,10,897.3,200.74,October,0.223715591
959b0d07-8f02-4246-9f66-946a01163168,2/22/2023,Ms. Mary Thompson,West,Home Decor,7,1349.3,75.25,February,0.055769658
7b9ba35c-8e29-4c03-8e75-3f5774b183dc,10/11/2023,Melissa Medina,East,Clothing,1,1400.17,148.39,October,0.105979988
6fed8601-4d41-4145-9a1a-09836f4f1e48,4/18/2023,Roger Stafford,West,Home Decor,6,1191.62,148.32,April,0.12446921
17737931-a6e4-4e29-b7d3-664bc53b6776,1/19/2023,Amanda Wright,West,Electronics,2,1893.2,428.08,January,0.226114515
2c7ff2ed-04ae-4e3e-b0c5-380244744ac6,1/19/2023,Julie Clark,South,Clothing,8,1249.4,284.27,January,0.227525212
fd5a95ec-c315-48b0-b00e-6a4f254373f8,7/4/2023,Andrea King,East,Sports,1,846.85,176.71,July,0.208667415
0495c348-a87c-4e70-8a1f-9e07e8510977,3/3/2023,Claire Davidson,West,Home Decor,10,1527.9,282.33,March,0.184783036
a8b43255-dff2-498a-8fcc-b52e12665bdc,1/24/2023,Katherine Hernandez,North,Books,8,1507.98,332.6,January,0.220559954
c500db2c-c496-447b-a6ce-1549dd05fc7a,8/20/2023,Anthony Perez,North,Groceries,4,440.91,24.09,August,0.054637001
147cef15-265c-4d5a-8e3f-4eae19b5024c,4/13/2023,Kathleen Marsh,East,Sports,9,1111.76,247.74,April,0.222835864
88bf1035-d8cf-4d5c-b35c-f88bfae203e1,5/24/2023,Lori Abbott,East,Home Decor,8,89.49,4.83,May,0.053972511
4c85e837-f5cf-4897-83c8-e3748fa6b8f1,9/21/2023,Rebekah Mueller,North,Books,6,1240.23,149.54,September,0.12057441
6c63086a-e06e-4d8a-aa18-91a549075479,7/23/2023,Cody Jones,West,Clothing,9,1468.82,348.3,July,0.237129124
f715eeb2-d1da-4bba-9ed9-5ae665f44940,7/17/2023,Christian Watson,South,Home Decor,8,693.38,46.86,July,0.06758199
ee5e256e-459e-4dc9-90c3-1d6007f1a41e,12/24/2023,Anthony Everett,West,Sports,5,1519.02,376.01,December,0.247534595
0e276b0f-0455-4cbe-809e-06153c669aa5,9/14/2023,Vanessa Hurley,South,Books,7,1081.07,257.78,September,0.238448944
f1474a9a-d0bd-4eda-bc2d-8aa6a15e67ce,1/13/2023,Robert Murphy,North,Books,9,1972.25,370.84,January,0.188028901
1b4c3736-c314-4367-b984-08a60ec003b6,9/10/2023,Anna Scott,West,Clothing,6,641.3,144.64,September,0.225541868
ae4fd0d7-bad0-44d2-b9db-d64899bc0787,6/14/2023,Devin Wise,South,Sports,4,423.36,100.8,June,0.238095238
446c1893-c9d3-4db9-abb9-aa725c9fb440,10/16/2023,Chad Wilson,West,Clothing,2,1708.65,199.85,October,0.116963685
47a1d7c7-5cc0-4de0-8c94-6b3efe4114ce,12/23/2023,Arthur Carter,South,Groceries,4,1737.09,99.5,December,0.057279703
58e3d282-6c96-4ec3-9362-60403458596e,12/3/2023,Brenda Rogers,North,Home Decor,8,734.68,178.22,December,0.242581804
16bb04c1-8da2-4b08-9710-80d93bbd199b,7/27/2023,Candice Walsh,West,Home Decor,10,667.21,144.39,July,0.216408627
3719509c-5b78-4208-a047-77d10efa49d4,4/22/2023,Kathryn Hampton,South,Groceries,5,331,80.12,April,0.242054381
f7bf8f34-7151-435c-a9e1-a3d11a124068,6/29/2023,Christina Mcdonald,South,Books,7,1045.03,180.62,June,0.172837143
b275a749-f62e-4ba8-b7f7-46645766b900,12/14/2023,William Franklin,South,Books,5,94.05,11.02,December,0.117171717
c08e3f27-6c8c-4247-a594-cc32d03f7108,11/19/2023,Stephanie Norton,East,Groceries,6,432.91,77,November,0.177866069
d9d2a060-21fa-4d49-bd30-21855fbb6303,12/11/2023,Ashley Price,North,Groceries,10,1589.08,172.88,December,0.108792509
b5e3cfbd-483b-4b7f-a2b1-c6c98f2fbda2,12/12/2023,James Hughes,North,Groceries,10,525.47,67.37,December,0.128209032
351e7fc8-d6ab-4c68-a06d-b8e5ccc8a46c,11/15/2023,Chelsey Clark,East,Clothing,8,601.84,91.62,November,0.152233152
e7f03981-1023-4a0f-a68c-27c660b1c120,3/13/2023,George Farrell,North,Groceries,7,757.95,66.85,March,0.08819843
5b902e06-2a05-404a-a71f-b4e55d67ed18,11/26/2023,Larry Montgomery,North,Groceries,1,638.47,147.83,November,0.231537895
bd247b2b-6d75-472e-927f-3113f7a8992f,6/29/2023,Eric Saunders,North,Groceries,9,673.66,167.09,June,0.248033132
5a344fd7-a134-49ce-bb73-ca968a5dd636,3/8/2023,Megan Alvarado MD,West,Clothing,8,1631.08,310.37,March,0.190284965
aa3e06f9-5351-4342-9b7c-b8edb2396f88,5/4/2023,Timothy Padilla,East,Electronics,9,330.92,36.18,May,0.10933156
701b0592-b2c6-4c80-9805-1e480c614595,3/21/2023,Thomas Cox,North,Groceries,4,516,116.96,March,0.226666667
79da713d-7478-4fcf-8439-7e4a3affeda3,12/5/2023,Krista Fowler,West,Books,5,1213.22,159.05,December,0.13109741
992c6631-e924-4bb0-8b8a-27fbf6aa7946,1/26/2023,Daniel Herman,North,Clothing,6,1642.34,229.19,January,0.139550885
56cc652e-0277-478f-ada5-a08ad9ab1f22,3/18/2023,Adam Neal,South,Sports,5,1593.23,212.39,March,0.133307809
8cb0a5ac-eb9e-4792-aefe-b18faaa6eef9,8/28/2023,Christopher Miller,South,Groceries,8,1704.25,165.62,August,0.097180578
506ce943-a515-40ef-abb4-147d89684093,12/14/2023,Mary Alvarez,South,Electronics,3,510.89,30.98,December,0.060639277
86c2ae06-3f5b-42f1-b374-12b001c603da,1/6/2023,Bradley Tucker,East,Home Decor,8,1079.24,216.2,January,0.200326155
93339293-7a04-40d5-9997-e4bf209fd447,1/23/2023,Tammie Garcia,North,Sports,6,1009.4,115.46,January,0.114384783
92b8a1e1-0815-4813-8802-bd32dc6b7272,8/9/2023,Laura Smith,North,Electronics,7,1302.82,84.17,August,0.064606009
02d3c2d4-30ea-4704-b3df-09482da0ca27,3/26/2023,Linda Murray,West,Home Decor,1,1818.94,391.87,March,0.215438662
d6a816f2-449c-4968-a36f-82737c16b60a,7/16/2023,Tara Ruiz,West,Clothing,1,1188.52,269.01,July,0.226340322
a208bc2b-a721-4de8-8b42-dbe49c1920ef,9/12/2023,Robin Morgan,South,Books,6,1105.63,202.89,September,0.183506236
7c39c32a-7291-4b34-8a64-8b77a7ed6194,2/8/2023,Laura Pearson,East,Books,2,661.58,75.79,February,0.114559086
bb9f6982-0803-474d-8bf3-d445f87f79b8,12/8/2023,Jeff Hines,South,Electronics,7,1262.47,291.29,December,0.230730235
88f19464-05e8-48d8-966f-92d49b2c7c5e,12/28/2023,Erin Tucker,East,Groceries,4,401.61,83.35,December,0.207539653
27fb60ca-b121-464d-b1bd-11f9e0c260f6,9/1/2023,Vanessa Osborne,North,Clothing,5,680.7,65.57,September,0.09632731
ea62dd1c-9f4f-4b4c-abf1-aa33dee40a1e,11/2/2023,Joshua White,West,Clothing,6,832.61,169.54,November,0.203624746
26371189-658f-420c-922a-cfa45e9fc1a4,2/11/2023,Dawn Robinson DDS,North,Groceries,8,1831.74,354.5,February,0.193531833
1abc03a3-e280-4a49-bd65-e3088903086f,10/27/2023,Theresa Jenkins,West,Electronics,5,463.74,96.42,October,0.20791823
5b0f0d7c-662c-46c6-84b2-b5f2d7ad9fa3,4/13/2023,Richard Richardson,North,Home Decor,8,299.22,39.34,April,0.131475169
5df0ff7b-7524-4e44-acfd-67c235577250,11/14/2023,Jennifer Green,East,Sports,2,395.34,51.61,November,0.130545859
6cd44010-9623-424c-b411-1f6b6b22b9b4,3/25/2023,Adam Valencia,West,Electronics,9,1003.32,165.95,March,0.165400869
5177fbcf-6b58-46de-aab8-ef95a4b49941,4/7/2023,Lori Dennis,South,Books,10,192.67,43.07,April,0.223542845
347cc539-15ea-4628-ae84-5e1d4d4145e0,2/15/2023,Mark Jones,North,Groceries,9,305.35,59.39,February,0.194498117
e64f7d50-4b08-4778-934b-acd2a338ccfd,3/4/2023,Michael Arellano,East,Home Decor,2,277.3,23.08,March,0.083231158
7c637708-21a2-49a0-807f-6b5e01c94a07,11/13/2023,Cynthia Meyer,East,Sports,9,1256.04,229.87,November,0.183011688
83ce02ef-3290-4853-8486-e415b982a191,9/7/2023,April Bridges,South,Books,6,952.06,87.17,September,0.091559356
c61a423b-2f5a-4402-a2c8-78274e132492,7/30/2023,Lori Huff DVM,North,Home Decor,7,1221.71,84.25,July,0.068960719
2d6efa7d-6a25-4d90-99e2-a4c57b57619f,5/6/2023,Michael Bell,North,Home Decor,10,1537.98,356.07,May,0.231517965
7d929293-6ff4-4d25-900b-4607f5feaca1,8/19/2023,Dennis Barnes,West,Groceries,4,1232.54,269.96,August,0.219027374
7e926704-52c6-48a3-8c89-9ebca0384ddf,1/24/2023,Rickey Henry,South,Sports,1,1526.44,193.21,January,0.126575561
dbebd3a4-bf99-4c5e-94e1-efa117ef7a78,5/22/2023,Jessica Jones,South,Clothing,7,1369.27,192.96,May,0.140921805
a7ab5912-e2ab-4667-9761-3c94d8242c01,7/27/2023,Shawn Hanson,South,Home Decor,6,1996.65,396.03,July,0.198347232
8be0b176-6993-400e-a569-100cf939dd27,9/9/2023,Brian Shelton,West,Books,8,1841.82,397.96,September,0.216068888
f35fd4a8-05e1-4a9a-a643-7b65c63c3d08,1/13/2023,Gregory Smith,South,Clothing,6,1641.27,354.74,January,0.216137503
f81dbbf3-0f17-4d8b-b7bd-77ceaf3aff3c,8/18/2023,Jonathan Coleman,East,Sports,5,1817.92,273.3,August,0.150336648
1d62367e-af64-4046-b7ab-26b4e02204a0,4/29/2023,Kimberly Jacobs,East,Sports,3,1640.22,110,April,0.067064174
af794372-7397-4e0a-8d10-f74b56faae4d,7/16/2023,Joshua Baker,East,Books,8,1328.1,157.29,July,0.118432347
9b00f4f3-ccd6-4053-b952-eb70a6c754b3,10/11/2023,Katie Smith,West,Electronics,5,1473.63,309.3,October,0.209889864
391b0ae0-ac8f-4f70-aa6b-ed22884871bc,8/25/2023,John Austin,East,Groceries,5,1579.67,276.95,August,0.175321428
fb47c30a-3e23-4a69-bd48-b2587d9e3927,4/25/2023,Timothy Harris,West,Electronics,7,1576.57,276.33,April,0.175272903
10160550-2628-44d1-9371-0d59b77fd039,4/5/2023,Debra Reed DVM,South,Electronics,2,613.95,56.21,April,0.091554687
6199c4e4-d5b6-431c-b566-e2f59a84189b,11/3/2023,Philip Poole,East,Home Decor,4,94.8,11.84,November,0.124894515
c468c138-1871-4c59-be6c-482de83bf4c8,12/3/2023,Michael Gilbert,South,Groceries,7,412.23,48.36,December,0.11731315
4fd27dc0-4a4d-4091-b33e-6301f28faeb0,10/5/2023,Allen Bailey,East,Electronics,7,1140,69.19,October,0.060692982
1bf4331b-9bd6-47ab-acb8-739d87f66390,7/11/2023,Daniel Hansen,North,Electronics,8,359.05,46.81,July,0.130371815
e4fce1fd-c600-49b6-bab8-ee7388fb786c,12/18/2023,Victoria Wood,East,Home Decor,6,985.19,177.24,December,0.179904384
cc4c1717-59b5-47a3-86dd-3d81627899ac,2/26/2023,Lisa Willis,North,Groceries,9,1148.38,158.17,February,0.137733155
41e9b9ce-17ee-4d22-a743-fd04137b567c,4/14/2023,Melanie Patrick,East,Groceries,10,1854.41,258.74,April,0.139526858
63bf8948-ba7b-44f2-9b1e-40caecbac14d,1/18/2023,Maria Pena,West,Books,2,1060.64,142.7,January,0.134541409
b4cfa78d-80cd-41d4-8a71-c42fbdc2acbb,8/6/2023,Sean Garcia,West,Books,2,1459.03,225.38,August,0.154472492
6985859a-054b-44e9-a922-3a46cdd48f95,8/16/2023,Allison Harris,North,Books,6,535.66,105.58,August,0.19710264
fd65e3da-dc35-4d49-948f-c94cfa2c0066,9/16/2023,Juan Sanchez,West,Electronics,2,612.05,152.44,September,0.249064619
a4cf0bc0-a184-42ec-ac2f-3164763f5917,5/11/2023,Eric Lewis,East,Groceries,6,351.25,86.58,May,0.246491103
5d3dc7b6-fa5e-4461-89e2-24c5780cf076,12/14/2023,Laurie Meyer,West,Clothing,6,769.41,181.03,December,0.235284179
883f0c01-26a8-4f0f-b596-c63258edb6ee,2/8/2023,Miranda Peterson,South,Books,6,1739.24,153.86,February,0.088463927
a7a8dc5e-fef4-4d2b-be6a-5b5cd39cfec1,4/17/2023,Tyler White,North,Books,1,114.09,13.87,April,0.12157069
eddada83-3dad-4a5b-ad0f-8c1112053b52,12/11/2023,Jordan Moore,East,Home Decor,8,1596.42,380.17,December,0.238139086
c069bfca-5a33-47af-845c-0808cebbd7da,7/14/2023,Candice Johnson,East,Home Decor,6,491.87,28.07,July,0.057067924
7c4b7ab1-be19-436c-8a76-23ab6937d083,5/11/2023,Darrell Rodriguez,South,Books,9,1327.58,313.19,May,0.235910454
77ba5bb2-97d3-4fad-b65f-d2fc9a066341,10/7/2023,Ms. Stacy Ponce,North,Sports,5,1603.06,350.04,October,0.218357391
cd234509-ef85-4cba-abff-0cefd19c91fe,4/28/2023,Joshua Wilson,South,Home Decor,8,1062.53,138.15,April,0.130019858
0aa57c75-5f19-4a64-89fd-032b9d22c886,8/6/2023,Sharon Durham,South,Electronics,5,399.29,56.47,August,0.141426031
5710c060-2ea2-4ca2-9fda-de0ea9b0a8ae,12/20/2023,Pamela Gibbs,East,Sports,6,1819.14,251.74,December,0.138384072
89bed02e-b51a-4040-97a4-7565f2442206,11/16/2023,James Morgan,East,Electronics,9,419.68,29.52,November,0.070339306
6a980352-750b-48b2-b448-1bf872439463,11/15/2023,Thomas Bradley,East,Home Decor,6,947.41,75.28,November,0.079458735
7aefa287-28df-427a-b0c6-a6477a5d92dc,8/8/2023,Laura Jordan,South,Electronics,8,846.41,62.3,August,0.07360499
84f3ffce-29d5-491a-9abb-092d28d483ca,1/20/2023,Amanda Abbott,East,Sports,7,1887.05,364.63,January,0.193227524
e77bebcf-8741-4971-b063-197a6d9b582d,3/24/2023,Ashley Martinez,West,Books,3,97.54,11.29,March,0.115747386
39b07a24-c285-476a-8367-3f0a55dcee03,1/9/2023,Christopher Fisher,South,Home Decor,8,1161.62,94.11,January,0.081016167
8fd99577-f83e-4cc1-9aa6-b72c1af23cc7,9/20/2023,Brian Gonzalez,South,Home Decor,6,935.51,68.78,September,0.073521395
75355a9c-efe2-4b7f-8122-22e82e10b1a5,10/7/2023,Bobby Bender,West,Books,2,1631.62,214.31,October,0.131347985
9206d547-d6a2-4182-8b2a-8be7a85b3447,8/14/2023,Vanessa Parker,North,Groceries,10,1031.01,230,August,0.22308222
7ecf1da5-a332-4af3-bb65-687cefc9594d,8/8/2023,Erica Farmer,East,Home Decor,8,849.44,169.97,August,0.200096534
eae41deb-9edc-43a9-beb7-8d9720751993,3/6/2023,Thomas Gonzalez,East,Groceries,5,391.03,73.1,March,0.186942178
1930e973-4813-404b-84e9-596eca85f48c,6/2/2023,Antonio White,South,Electronics,2,1727.48,298.18,June,0.172609813
aa6a9e7c-139b-4357-8e3a-d80fe90db4fb,11/16/2023,Andrew Lewis,South,Sports,6,897.45,221.99,November,0.247356399
b0791b94-463f-4dad-b500-00267927eac4,3/17/2023,Jerry Kim,East,Clothing,5,1889.63,278.15,March,0.147198129
a850d907-047e-4966-991a-bc799d3a2bb6,9/19/2023,Hayden Simmons,North,Electronics,8,696.88,100.79,September,0.144630352
7294be45-deb6-4ee6-b176-72e2320bb03a,1/13/2023,Leslie Ruiz,North,Sports,1,1813.58,315.53,January,0.173981848
ea963dc8-c05f-4b53-bddc-fa71d52ac5a0,7/15/2023,David Frederick,East,Electronics,3,780.27,159.09,July,0.203890961
b1589734-5de4-4f86-a417-7078f26fd260,5/3/2023,Katie Mullins,South,Books,5,768.83,133.78,May,0.174004656
0c9cf350-1af4-49df-b60b-faff9fea730f,3/22/2023,William Stewart,North,Clothing,6,1788.05,141.49,March,0.079130897
a0cb72ad-45f4-4aa8-a43d-0eb78904da26,2/4/2023,Hector Bowen,East,Clothing,10,408.83,74.7,February,0.182716533
17fc422c-9683-4b09-a8b1-74a4e039edb1,3/19/2023,Jessica Ellis,North,Groceries,8,1555.17,79.17,March,0.050907618
2f27ae32-9589-4e6c-9570-8e7b575b4b67,10/27/2023,Catherine Martinez,East,Home Decor,4,277.56,67.86,October,0.244487678
2218160c-34f3-4a4e-b835-d15b4dbcf517,1/29/2023,Michelle Hamilton,North,Electronics,8,626.78,105.27,January,0.167953668
0c5bdbae-c841-4016-80b5-b1e04f4aa95c,2/12/2023,Tammy Fowler,North,Home Decor,10,1499.03,155.8,February,0.103933877
b4e2c460-435b-4a73-91cb-8b27e22c145d,12/3/2023,Charles Pollard,East,Home Decor,2,1123.15,214.78,December,0.191230023
21a5123f-38dd-43bd-bf97-f4f8814c8efb,2/22/2023,Peter Meyers,East,Home Decor,9,1938.58,138.62,February,0.071505948
6c9d94e8-5ccc-4c1d-9d5c-4caf1a4e08cf,6/25/2023,Shane Hanson,North,Books,1,1682.57,266.89,June,0.158620444
97a012e7-e9c7-4a86-a0b9-32359c0c7b1e,7/31/2023,Jason Lloyd,East,Home Decor,9,640.57,121.9,July,0.190299265
ddea6243-32d2-4228-8b66-d9c387d7563b,10/3/2023,James Richardson,East,Groceries,6,1925.78,261.7,October,0.135892989
ed9e2e72-a37d-4380-9026-47837feb1681,10/6/2023,Tammy Perez,North,Clothing,2,1975.74,292.47,October,0.148030611
523ac49a-8a6a-4ef2-8ac1-f14676c8c182,1/20/2023,Valerie Fleming,South,Clothing,5,1455.99,265.87,January,0.182604276
c33f5e64-7d9a-4481-9e24-8f01fdcafb55,3/20/2023,Christopher Nguyen,West,Home Decor,10,302.01,45.21,March,0.14969703
67065201-c4d0-4d90-9c2b-ba56e6e0e69b,1/29/2023,Stephanie Meza,South,Electronics,4,479.45,27.8,January,0.057983106
b2e1d848-1d87-467a-b9b6-38c804490b5d,11/15/2023,Joshua Perez,North,Clothing,5,1850.42,327.17,November,0.176808508
9cec5333-b416-4bed-81d5-80ec4a53ba16,10/4/2023,Dylan Torres,South,Electronics,8,1603.86,112.92,October,0.070405148
eaae3ff9-e253-4b7a-b7e0-b34ae6a12838,5/17/2023,Brandon Wheeler,South,Home Decor,1,892.35,82.76,May,0.092743879
100124a7-ec6c-492d-92ee-1de2bacdd313,1/19/2023,Anthony Scott,East,Electronics,10,729.31,77.51,January,0.106278537
a0f80547-d713-48ef-8973-c4e308d6bc9c,11/16/2023,Danny Chapman,West,Books,7,885.8,218.94,November,0.247166403
ac7aff9a-d420-4326-882d-ff02061c2503,5/2/2023,Ronald Franklin,North,Electronics,3,1343.45,247.1,May,0.183929435
3d166f56-06a3-4507-9c9f-3fb2daf746c0,8/25/2023,Monica Powell,East,Groceries,3,765.2,153.05,August,0.200013068
0779c443-ce5a-4b18-8d7e-fcae65200e98,5/19/2023,Frank Barnes,West,Groceries,2,226.81,13.59,May,0.059917993
989b3e7a-26d5-410d-8c84-af3fd842fc44,4/15/2023,Patricia Stephens,South,Electronics,1,147.06,14.38,April,0.097783218
2d807fd4-9cc2-44fa-8a37-927604e7d97c,1/5/2023,Sabrina Scott,East,Books,7,1276.41,151.93,January,0.119029152
d09aa3b5-ba92-4a64-9cf3-1dcad6b0d495,10/19/2023,Kurt Bass,South,Sports,9,603.26,118.98,October,0.197228392
3857ebe6-79ff-4869-834a-ac2113f77637,5/8/2023,James Horton,West,Sports,10,1928.63,427.01,May,0.221405868
90b89776-cb77-4423-a505-9533fa78c425,4/15/2023,Ryan Ray,North,Electronics,3,1620.77,301.63,April,0.186102902
e13f1200-4620-4a9f-8ad4-c360fd13b50c,4/10/2023,Eric Warren,North,Clothing,1,1250.3,202.46,April,0.161929137
d2c11357-fc3a-4c5d-af45-53c82cfbb364,5/27/2023,Mr. Jason Cherry,West,Books,3,1409.47,233.54,May,0.165693488
71471ed8-8632-4e5b-bea5-214ff1f8e4d4,9/21/2023,Denise Watson,East,Books,3,291.49,39.44,September,0.135304813
71cfc553-8abc-4ff7-866e-72f635dd3e72,9/8/2023,Luke Strickland,South,Home Decor,1,1190.44,216.05,September,0.181487517
c0f9e07f-9672-4bd0-ad1c-78ff4f53f523,11/26/2023,Omar Mendez,North,Books,5,1641.35,293.98,November,0.179108661
c8f582de-b307-4efb-b22f-35b5ade8fdc3,2/10/2023,Alison Peck,South,Books,4,132.5,12.27,February,0.092603774
7b90669d-174f-4164-9850-e4ba80a0c925,4/1/2023,Jenny Everett,West,Electronics,5,1950.23,125.25,April,0.064223194
8cc7313a-a7d6-4e0e-8acf-76d54f3d3132,4/25/2023,Julie Mccann,South,Electronics,6,1155.34,207.55,April,0.179644087
a2cfff86-fae0-472f-b9fc-7c2d8a260065,12/3/2023,Marc Martinez,East,Clothing,4,1970.46,220.31,December,0.11180638
08dc3d4a-ad92-440e-ba0a-23a697bfe2e4,1/20/2023,David Wright,West,Clothing,1,792.79,52.67,January,0.066436257
74fb3857-623f-45b9-976d-9953247f1aaf,4/21/2023,George Butler,West,Clothing,9,738.35,64.96,April,0.087979955
1d17696b-7436-4a93-a863-0c98d46db698,2/20/2023,David Brooks,North,Books,5,1145.94,107.48,February,0.093791996
f5e32bfa-0940-4351-8c22-69c5b4d3669c,9/23/2023,Debbie Anderson,South,Electronics,6,1852.13,425.15,September,0.229546522
7cafb86a-8819-4f8a-b3ce-62521d025dad,3/17/2023,Deborah Miller,North,Books,6,1772.54,348.2,March,0.196441265
5ceea833-388b-4af3-b413-4d0500dd5b3e,10/18/2023,Christopher Gordon,West,Clothing,4,1541.83,261.27,October,0.169454479
dd15b3f2-31a9-4c69-8f5a-b8273b33f45b,7/28/2023,Cassidy Ballard,North,Books,8,893.7,173.33,July,0.193946514
44f6718b-632b-46d2-8a14-be4a41b1ea6a,9/6/2023,Stephanie Craig,West,Electronics,3,1801.26,247.49,September,0.137398266
3a4f9629-21e8-448d-9252-aac4f381331c,2/2/2023,April Villa,South,Sports,2,745.52,66.21,February,0.088810495
49c3a12d-f0be-43ed-9fe7-a515d021a5a7,12/12/2023,Kimberly Anderson,West,Groceries,2,903.58,135.31,December,0.149748777
7f320e78-a7fe-451e-bd8c-2a6f099b9a4b,12/24/2023,Caitlyn Tucker,South,Electronics,5,1024.23,163.92,December,0.160042178
e2b3ab70-effb-4584-b775-f4f0adbba69d,8/20/2023,Shannon Johns,West,Books,8,200.31,26.99,August,0.134741151
8410c1dc-4799-4aaf-a7ab-3d22274a80a4,9/22/2023,Robert Conley,South,Home Decor,7,442.14,29.4,September,0.066494775
c94d1b10-7a6d-463b-b63a-98d72290b213,7/5/2023,Edward Cooper,North,Home Decor,10,1673.8,98.69,July,0.058961644
59245ab7-37c9-406d-bdc7-cb1946f238d8,12/11/2023,Daniel Jordan,West,Electronics,4,1219.61,185.55,December,0.152138798
ba79cb06-68ae-4048-b2ec-d932607544b5,9/9/2023,Michael Lyons,South,Clothing,6,702.88,46,September,0.065445026
7b4ab21b-a878-4cc2-8cda-ce69be8ea734,3/23/2023,Amber Carroll,West,Home Decor,10,1588.32,211.55,March,0.133191045
98d230cf-03e9-4cf8-871c-6ee32c95f683,8/12/2023,Jennifer Harper,West,Home Decor,2,1557.48,374.76,August,0.240619462
b55dc17a-05b8-47dc-b75f-5cd55516c1a6,4/8/2023,Andrea Johnson,North,Groceries,2,1435.95,306,April,0.213099342
b18f3aee-34a2-4626-804b-d39754a9d898,4/27/2023,Ashley Russell,West,Books,9,1402.33,267.99,April,0.191103378
627edbdb-e188-4df5-92c9-ecef71838f66,12/24/2023,Danielle Booth,East,Books,8,748.86,92.25,December,0.123187245
bc3ca3ca-18f7-49f7-91bd-a48ed00a99f2,5/2/2023,Kimberly Mclaughlin,East,Clothing,2,1070.37,138.78,May,0.1296561
88e386a7-fc19-4f21-8dbf-3121c9729c0d,10/30/2023,Manuel Wilson,South,Sports,10,1955.7,309.64,October,0.158326942
c4bd259f-55db-4eb5-9295-580eee6bf0de,4/7/2023,Glenda Shelton,North,Books,7,517.78,60.18,April,0.116226969
46c91999-4187-4dc0-aa20-ccea22e87c8d,1/27/2023,Katherine Rodriguez,East,Groceries,6,1894.18,418,January,0.220675965
38c25b80-8054-415c-aeed-e40b5755f4a0,12/9/2023,Thomas Martin,South,Sports,9,1584.12,269.14,December,0.169898745
31e5c631-aaff-4f87-83b5-e89ad859bb7b,12/2/2023,Cynthia Williams,West,Home Decor,6,617.33,123.34,December,0.199795895
6261a3d2-8bdb-41f8-b28a-2656d24a8ab9,7/31/2023,Jake Foster MD,North,Sports,8,1034.17,55.06,July,0.053240763
9f013834-6a2a-4680-8a91-7dfb7673ff45,9/30/2023,Darren Black,West,Groceries,6,1941.54,191.52,September,0.098643345
39fd3acd-d5b4-4772-a4c7-f528268ac0fc,11/29/2023,Emily Davis,West,Home Decor,8,1641.92,179.71,November,0.10945113
06a70ddf-2125-4915-bb10-077cbf32e5f7,7/12/2023,Amy Lopez,North,Electronics,4,486.45,103.52,July,0.212807072
f5677aaf-4f46-4933-bb28-46bac6c6e268,4/3/2023,Kyle Peterson,North,Clothing,8,1464.7,228.03,April,0.155683758
12e903c1-e33a-4123-a7ac-9755a2af9692,11/3/2023,George Miller,East,Sports,6,1975.85,219.33,November,0.11100539
6e672952-c910-4581-99bc-ecf496cbeeb3,9/25/2023,Tamara Bowman,West,Home Decor,8,188.15,39.15,September,0.208078661
3df629a3-e36e-482f-8d82-0a125def0c1b,2/6/2023,Barbara Smith DDS,South,Clothing,5,63.68,10.61,February,0.166614322
526d076c-d58c-4189-8a7c-516b62523708,1/10/2023,Brian Parker,South,Books,7,1379.06,261.98,January,0.18996998
69ea1f64-5486-49d6-b9de-976cfed602eb,7/5/2023,Willie Nelson,North,Books,2,1563.24,386.53,July,0.247262097
91db735e-dc21-43e8-902e-4f400a013a86,11/3/2023,Amy Miller,South,Electronics,2,1911.28,461.58,November,0.241503076
e21eb588-43ab-4fe9-8607-3b62975b8a09,11/20/2023,Anthony Moon,South,Electronics,5,1014.57,123.3,November,0.121529318
52806162-cca6-4e34-8417-d6aca7ac92d1,11/12/2023,Rebecca Flowers,North,Electronics,10,663.76,61.46,November,0.092593709
d121f56e-6082-4917-a1a2-1c487299bb55,12/14/2023,Samantha Taylor,South,Sports,7,1956.5,300.85,December,0.153769486
b9594d00-f9cc-4893-b988-57f8f098f6d8,11/14/2023,Angela Mcgee,South,Clothing,9,470.06,37.08,November,0.078883547
e2d7b0c2-54be-46c7-af37-42ace1fab06a,5/26/2023,Meghan Carter,North,Sports,5,846.45,179.68,May,0.212274795
cdcfefab-e1f5-4fdc-8203-953acb7844b0,11/11/2023,Chloe Foley,North,Home Decor,2,840.12,131.2,November,0.156168166
7bc1ad83-20f4-4414-8762-caf53b3196e1,9/9/2023,Ernest Sosa,West,Home Decor,3,1703.29,120.29,September,0.070622149
8074e160-a67a-4a7d-a5a4-6eb18a0a8110,5/1/2023,Jill Baldwin,North,Electronics,3,671.6,40.94,May,0.060958904
75171071-e675-47e7-b848-f19ad1fa1e14,11/29/2023,Lee Lawson,South,Electronics,10,1849.29,234.68,November,0.126902757
055c64dd-e478-40a6-9368-e0d60b46b634,9/4/2023,William Hawkins,South,Groceries,2,1354.2,157.99,September,0.116666667
e78297aa-cfd9-41d0-a44e-e5183ac79acf,4/17/2023,Melissa Robinson,West,Books,5,447.73,58.61,April,0.130904786
2cd395eb-c290-4413-9cb2-c15cf5232a0c,11/27/2023,Sharon Marks,East,Clothing,2,1520.52,217.87,November,0.143286507
96033638-fa81-42c4-98ee-4498f14e268a,2/26/2023,Natalie Frost,South,Books,7,1688.41,345.39,February,0.204565242
276410c2-3f6b-472a-b127-f05b0a964cb9,1/2/2023,Brian Brown,West,Sports,6,359.28,55.15,January,0.153501447
5097be87-168d-4bf9-96de-79555e832d6c,3/26/2023,Joseph Ortiz,North,Groceries,6,1526.99,343.79,March,0.225142273
4b44b4f9-0c72-43c7-bebd-77781327c661,9/8/2023,Barbara Nguyen,North,Sports,4,244.95,15.32,September,0.062543376
48d79878-5a4a-45b6-b3f2-bcac5f927b3b,4/26/2023,Rebecca Jackson,South,Home Decor,9,135.8,19.17,April,0.141163476
17ef9816-3e6e-4845-bc97-d93afb5c8295,3/8/2023,Jeffery Lopez,East,Books,7,1802.04,188.1,March,0.104381701
b1cd9569-8a0b-4061-a0de-f1a0742aca38,2/17/2023,Jonathan Schmitt,East,Clothing,10,939.25,197.82,February,0.210614852
0476d968-1803-46e7-ae71-50cdf25be180,7/23/2023,Pamela Espinoza,West,Sports,4,859.98,174.29,July,0.202667504
416b3bd2-85bf-48e5-8119-d8a515ec9b68,7/6/2023,Spencer Duncan,East,Groceries,10,1721.01,155.07,July,0.090104067
011470ab-b1de-4771-a477-3598dedea220,11/9/2023,Gary Wilson,South,Groceries,6,1024.27,210.59,November,0.205600086
7eab9dfd-514a-42ef-9ba8-b8f16a610363,10/12/2023,Juan Watts,North,Books,8,1668.07,161.99,October,0.097112232
a91b2a6f-1f4d-43e6-a0b2-93a9b83d667c,10/1/2023,Anthony Smith,South,Books,2,1431.98,340.78,October,0.237978184
30ca8e21-b652-4437-adf5-74903922c73e,1/13/2023,Darrell Burton,West,Sports,9,487.39,65.76,January,0.134922752
9e99e7b6-7a6d-45e0-b88a-750ae4fe0447,7/15/2023,Edward Bridges,West,Books,5,1962.03,314.06,July,0.160068908
374a6827-b4a9-4d2c-8123-ce86d598baa1,10/17/2023,Jennifer Harris,South,Sports,10,1103.11,211.81,October,0.192011676
68a08ddb-e338-49cd-af64-d5df8eb2455f,5/23/2023,Elizabeth Robinson,North,Clothing,6,522.06,102.99,May,0.197276175
0ce131dc-eece-4051-94b6-35d80f23d695,7/30/2023,Carl Miller,East,Clothing,10,663.8,110.39,July,0.16630009
60895e0b-2598-4d48-9e7b-e4bc0c016ca2,2/20/2023,Kiara Rodriguez,North,Sports,10,695.18,93.89,February,0.135058546
ba164bd7-9b6e-4d9f-b0ce-e3671a39201f,12/1/2023,Lisa Johnson,South,Home Decor,10,188.62,42.46,December,0.225108684
43a5da63-7006-4215-929b-5ca4020e76f0,8/25/2023,Alexandria Hall,South,Books,7,1634.2,294.12,August,0.179977971
82b22d43-d879-4cf7-a952-1b452e615d43,12/5/2023,Kurt Combs,West,Groceries,3,1356.14,221.83,December,0.163574557
27e6311e-794d-4ba2-a51a-54b78cff3e99,8/21/2023,Ethan Jackson,South,Electronics,9,937.13,160.06,August,0.170798075
e6fb9f80-7c3f-4774-b32e-ba924207f950,1/4/2023,Elizabeth Wilson,East,Home Decor,9,1932.23,224.76,January,0.116321556
74c6ff01-e673-4349-afc7-a8bd8e5c9abf,11/10/2023,Debra Gregory,West,Groceries,9,1843.91,215.24,November,0.116730209
335a1b7b-645e-43f9-ab0b-97731b1abf6e,4/28/2023,Colleen Daniels,West,Books,5,1264.54,147.5,April,0.116643206
a8bb3cd3-e160-41c9-be0c-2b9a901355e7,2/17/2023,Robin Curtis,South,Groceries,1,964.53,51.01,February,0.052885862
336e33e2-5b60-4086-a837-7287b79cdee6,12/1/2023,Kathryn Jones,North,Electronics,10,257.14,29.85,December,0.116084623
6ecb0b06-7dcc-400a-a689-bad6b97c9029,10/7/2023,Jeffrey Williams,South,Home Decor,5,606.76,116.92,October,0.192695629
27812704-9457-4a69-a203-4dbf47442ead,12/5/2023,James Franklin,North,Books,3,1511.05,135.71,December,0.08981172
87a35077-5d37-4869-9b91-cfb5de4f4739,9/2/2023,Benjamin Williams,North,Books,4,1835.34,253.05,September,0.137876361
adbbdc27-c4c9-4443-9b68-9ec70f8b4ec8,7/1/2023,Vanessa Harris,West,Home Decor,8,237.78,30.92,July,0.130036168
91fc14b4-670e-470b-99aa-5f119178b928,7/15/2023,Matthew Ellis,North,Books,5,1206.37,187.17,July,0.155151405
a2d14af1-2bde-4efe-895e-1e7c2c7f9f90,4/9/2023,Lindsay Rodriguez,North,Home Decor,9,1805.18,357.48,April,0.198030113
933cc2c7-a78a-45da-a3a4-164941eae059,9/13/2023,Lauren Ryan,East,Groceries,2,117.76,23.42,September,0.198879076
3464a4d6-7f6e-45a6-80b3-5a929e0394e7,2/1/2023,Jessica Christensen,North,Clothing,3,996.29,163.44,February,0.16404862
4eb8331a-83db-429b-ace8-f04f9b52b71c,7/23/2023,Rebecca Smith,West,Electronics,6,1362.12,99.08,July,0.072739553
9bba3d9b-b939-426a-9da7-a2f1ed5dc373,2/7/2023,Paul Oconnor,South,Clothing,3,1213.67,218.18,February,0.1797688
1a266e6c-0f03-4ad4-820d-8a8fe5c7120e,10/10/2023,Sarah Edwards,East,Electronics,2,715.18,149.57,October,0.209136162
a0b0dea7-560b-47be-aa24-96d81c3bc04f,8/30/2023,Marcia Banks,East,Clothing,3,273.08,19.7,August,0.072140032
15863778-56e9-4e41-9001-1d9d259ac324,3/27/2023,Wayne Bailey,North,Books,8,373.68,30.11,March,0.080576964
481c3e07-a31a-4285-8632-acbda3828e6e,4/9/2023,Robert Gallegos,West,Home Decor,8,1489.62,324.56,April,0.21788107
f5bf29ac-e6a4-4a77-bad9-3abe1ac45edb,12/9/2023,Kevin Walker,South,Sports,1,1210.14,67.57,December,0.055836515
46ab92d9-f256-4b53-a370-539bee4a4b62,4/15/2023,Steve Salinas,South,Home Decor,1,369.1,40.89,April,0.110782986
b1db0a78-f2fd-4e7a-9ddf-3199a03cf061,1/19/2023,Isaiah Mcmillan,South,Clothing,2,882.07,47.98,January,0.054394776
177677c7-555e-4565-ba58-161437630524,6/25/2023,Denise Shepard,East,Groceries,3,102.02,12.6,June,0.123505195
94690522-f0c8-492f-9d09-4f37bfdee880,2/11/2023,John Fisher,West,Groceries,4,150.22,19.5,February,0.129809613
8b172998-d83e-41e5-95fc-5f4045abd403,7/30/2023,Raymond Martinez,East,Home Decor,4,811.33,159.67,July,0.196800316
b43f355f-2a9d-4500-bf2a-bd86faa507d4,8/18/2023,Donna Boyd,North,Books,6,617.8,79.4,August,0.128520557
e199bcfd-4559-4aa3-ab0c-1582460c29b6,12/27/2023,William Sanchez,North,Clothing,5,189.28,34.17,December,0.180526205
62f8d20a-c78a-466d-8a9b-fc00192edd37,11/23/2023,Erin Green,East,Groceries,8,1599.02,390.92,November,0.244474741
8f040c54-d93c-4252-9772-d31bedf962db,6/5/2023,Nicholas Lambert,West,Sports,9,469.65,45.84,June,0.097604599
ca2b0d8d-22f0-49bc-8934-fe22440c4ed5,4/5/2023,Collin Ward,North,Electronics,2,199.63,23.1,April,0.115714071
b3a291dc-4fa2-435c-90c8-6387c16a8771,1/3/2023,Isabel Mitchell,East,Clothing,6,212.74,43.51,January,0.204521952
29db292a-4bf6-47b4-9430-715803cd6178,9/1/2023,Erin Sandoval,South,Groceries,2,1026.85,145.11,September,0.141315674
d8900991-b366-4cbc-abbf-b8826ffa0875,1/11/2023,Stephen Martinez,South,Sports,5,1915.54,336.14,January,0.175480543
468dc95e-39a7-4648-afd4-d110b7dedde9,9/7/2023,Bradley Marshall,West,Sports,6,1984.55,406.09,September,0.204625734
b2bd0625-5a7e-4a6f-be05-cd00de5892d6,2/19/2023,Karen Miller,North,Sports,7,381.44,72.87,February,0.19103922
4f22070d-ed39-4be0-9153-9f8f503618d0,6/10/2023,Emily Kennedy,North,Sports,8,104.23,7.74,June,0.074258851
117d0b17-70f4-48cd-acb0-08dcb00c1552,2/2/2023,Victor Mckee,South,Groceries,4,1057.09,71.38,February,0.067524998
c4022537-2447-41ba-ada2-bcd58a8ed273,12/12/2023,Sara Johnson,East,Books,1,1915.84,153.54,December,0.080142392
b0364ad9-ee5b-49b9-aaab-7c8854b9fb20,11/5/2023,Jennifer Hoffman,North,Home Decor,8,1637.93,408.7,November,0.249522263
18cde78e-74a2-4af8-a8ca-eb625d934080,5/11/2023,John Jackson,North,Clothing,7,425.82,50.15,May,0.117772768
cf80ac17-4fd9-453b-8c89-09e31d540d05,10/4/2023,Ricardo Berg,East,Books,10,439.33,54.73,October,0.124576059
78e1c5e6-648b-4a36-b515-2cbaec4ff6ab,4/17/2023,Lauren Frederick,East,Groceries,2,1457.5,246.2,April,0.168919383
4c08c6ba-1cb4-4e4a-91cf-06ba6666bba2,10/4/2023,Debra Waters,East,Groceries,2,498.99,42.05,October,0.084270226
4a1393ab-39b3-449d-b26c-687c72f28cf5,5/24/2023,Janet Phillips,South,Groceries,3,268.88,48.02,May,0.178592681
4c6aee62-2490-4429-ac77-700a55d62f9b,7/4/2023,Robert Rodriguez,East,Electronics,8,571.03,70.86,July,0.124091554
bc309d33-4ea8-43b1-9286-5c0177f7ad19,1/16/2023,Ricky Horn,South,Books,5,1864.03,193.74,January,0.103936095
844e028f-cfc0-4695-9402-cca16bfee0d5,2/24/2023,Randall Green,East,Groceries,5,385.26,59.04,February,0.153247158
74655798-aabc-4f90-ade4-8434a0ec729f,5/2/2023,Karen Allen,West,Groceries,4,91.38,17.25,May,0.18877216
480c762a-ec31-4b23-87ff-1268f14bbea9,4/22/2023,Justin Anderson,East,Electronics,5,1981.48,376.98,April,0.190251731
5166465b-b046-4634-93a7-468c10c15f57,4/18/2023,Brian Gonzalez,North,Electronics,5,1425.93,183.47,April,0.128666905
af3e6140-41c9-4dfe-aba1-c8411ec18b76,7/25/2023,Deborah Pearson MD,West,Clothing,9,1587.54,346.6,July,0.218325208
0d6a3b56-eaa7-4473-8992-ced0d3db37b8,10/1/2023,Kyle Tapia,South,Clothing,6,1689.63,298.16,October,0.17646467
176fb51c-7ec2-4b33-ad5c-684be273b612,1/1/2023,Brandon Mcdaniel,South,Clothing,10,1190.32,265.67,January,0.223192083
c5dc925a-dd82-45ce-a8eb-40d56d378c77,4/30/2023,Henry Villanueva,North,Electronics,7,573.45,37.98,April,0.066230709
74389b47-2a83-4504-abbc-854b94e5efab,4/4/2023,Kathryn Benson,West,Groceries,8,130.34,10.43,April,0.080021482
919a8f4a-6d61-4061-9e63-256a9e2dd66f,5/30/2023,Ryan Moreno,North,Sports,6,694.03,173.28,May,0.249672204
e6fbb698-d951-4d59-b3b8-b79a8201af97,10/4/2023,Chris Lynch DVM,East,Sports,7,1715.19,177.48,October,0.103475417
29074abb-9f14-4852-b153-916b50ed151c,9/23/2023,Kenneth Rivas,North,Books,2,1444.18,189.1,September,0.130939357
6ac85f42-a9c0-4dec-ac25-aad69dcc668f,8/26/2023,Ronald Ward,East,Home Decor,10,1744.04,217.55,August,0.124739111
b9527fba-397c-4787-b016-88e4b43bcab8,4/23/2023,Jason Butler,West,Clothing,5,1195.04,172.86,April,0.144647878
5637a9d9-531e-4571-8927-70d286c56c45,6/28/2023,Michael Vargas,West,Books,2,184.67,39.46,June,0.213678453
c2cdb416-9308-47cf-b766-443fa245bf92,10/29/2023,Yvonne Lucero,West,Books,10,1417.44,84.96,October,0.059939045
113c88f4-d3ca-4477-8fa2-d2731240c5fa,12/15/2023,Kenneth Golden,East,Groceries,8,1246.5,288.61,December,0.231536302
1840bff8-166d-4609-aa80-ddfc3e5984b7,9/30/2023,Cody Nelson,North,Electronics,8,1304.77,177.99,September,0.136414847
085c52f0-f19d-49dd-9bb6-cafb82acaff5,8/10/2023,Eric Scott,East,Electronics,1,871.73,111.06,August,0.127401833
97b7cfc7-c5fe-4c77-b4e0-bc15218d8f5e,1/8/2023,Mary Miller,West,Groceries,9,318.47,58.77,January,0.184538575
791d4b0c-3a9f-44ef-b468-1cdfc98889dc,10/17/2023,Shannon Jones,West,Groceries,2,1702.48,323.76,October,0.190169635
823c694c-f34a-4572-9bc0-7ca8391bac68,10/30/2023,Ann Drake,East,Books,1,673.38,52.85,October,0.078484659
7c6fe9db-4e3a-4452-9cf8-80e923a59293,6/29/2023,Judith Brooks,South,Groceries,10,571.77,61.71,June,0.107928013
e9b95826-d33f-47bb-ae8a-41a037a17171,12/11/2023,Michelle Mccullough,North,Home Decor,3,1931.55,464.77,December,0.240620227
00d2ff48-c92f-4d5b-8f67-59680a0110c1,6/26/2023,Rachel Wilkins,East,Sports,9,1527.18,258.25,June,0.169102529
1b1b928a-8650-42fa-96d6-7cf421acdfef,7/15/2023,Kerry Johnson,East,Sports,7,1371.07,188.74,July,0.137658909
12554a8e-34e6-4530-9f25-e5d9636c7dd5,3/27/2023,Valerie Estes,South,Electronics,5,457.01,78.26,March,0.171243518
6919102b-9d2b-4c26-b87e-df5e3b88f47d,6/8/2023,Michelle Thomas,North,Electronics,7,106.19,8.91,June,0.083906206
65a20e0a-e151-40df-b36f-6e304c05e703,4/27/2023,Noah Griffith,East,Groceries,6,1267.09,261.72,April,0.206552021
eaa42fb7-a084-4ede-a83c-4c0869c172c9,5/26/2023,Sean Warner,South,Sports,7,184.77,20.79,May,0.112518266
d6f3d903-2b28-4222-b4cb-41e1e60d2ada,2/23/2023,Douglas Barr,West,Electronics,7,331.59,46.54,February,0.140354052
08e58a37-aeb6-4ef8-aef7-2f9edfb0d760,1/17/2023,Gilbert Contreras,East,Sports,1,1081.31,250.1,January,0.231293524
8fc13ebc-2a68-4ced-b4a9-83d90b9c2479,4/23/2023,John Lucas,South,Groceries,1,1365.64,233.5,April,0.170982104
2e567afc-c3e6-403c-a0c5-716a876a516f,11/23/2023,Joe Henderson,East,Books,5,72.97,11.64,November,0.15951761
992ddd24-054f-4963-b6e1-da1824d8b7fe,11/16/2023,Kelly Shea,South,Clothing,4,1503.17,200.53,November,0.133404738
61e09678-91bc-4727-ad36-118533d44b08,1/16/2023,Antonio Decker,East,Clothing,9,535.07,54.98,January,0.102752911
0cf5412c-7694-4729-82b7-c57e1fc5554c,3/23/2023,Richard Rose,East,Clothing,4,632.87,36.35,March,0.057436756
22c5a15c-b3d7-489f-9fd0-30d2232dac75,11/18/2023,Karen Brown,East,Sports,10,1489.24,310.42,November,0.20844189
329c4a2f-156e-40c4-8f86-7760a8b0cbeb,9/27/2023,Tonya Bryant,West,Home Decor,6,796.21,122.02,September,0.153251027
45856260-c5df-4bb2-a9f2-58d8f170b8cc,8/17/2023,Morgan Smith,South,Electronics,6,872.38,135.05,August,0.154806392
31389027-8c28-4cd4-a461-d43b8e1ccee9,3/22/2023,David Mcbride,East,Books,3,307.64,15.94,March,0.051813808
0071ec94-327b-41b3-b039-d22d0466c0c7,3/31/2023,Benjamin Washington,West,Home Decor,5,410.6,45.65,March,0.111178763
649c7312-991c-4b26-8189-fcb97c091096,3/18/2023,Lee Jackson,North,Books,7,823.09,115.79,March,0.140677204
185f9658-98ed-4175-beba-da36194a5bfd,6/1/2023,Thomas Miller,South,Clothing,4,409.02,59.78,June,0.146154222
95c08df8-8032-4324-a21b-4bf39b63aa9f,1/29/2023,Frank Brown,South,Clothing,3,1939.22,148.5,January,0.076577181
538ceb94-ad7b-40fa-93b9-f176d33f3d89,10/30/2023,Kelly Newton,South,Electronics,7,930.47,57.76,October,0.062076155
a8fe84bf-0f5e-43c0-852b-ca940505a80b,9/8/2023,Steven Wise,West,Books,10,1272,172.33,September,0.13547956
fbbebe92-e814-468e-bf0c-02d459d554ec,12/2/2023,Gregory Kennedy,South,Clothing,3,1520.29,100.33,December,0.065993988
2a3c0c48-9d73-4dcb-9898-22a6d1d2172a,3/14/2023,Oscar Lopez,East,Groceries,5,475.02,39.22,March,0.082564945
2fd35a4b-d18d-43c5-8532-25fe375c61ff,11/14/2023,Jeffrey Stevens,East,Books,10,236.61,49.57,November,0.209500866
a667e116-585f-4eb3-b86c-246273045a1a,9/29/2023,Daniel Miller,South,Books,6,1034.47,218.09,September,0.210822933
db479829-41ee-4cf1-84c2-e32cea56fc9c,1/4/2023,Gregory Wright,North,Electronics,3,420.73,91.36,January,0.217146388
1b14425e-94ba-483e-a3c6-cbee5bc0c198,3/14/2023,Amanda Green,North,Home Decor,7,969.79,95.28,March,0.098248074
d6acf304-5a2b-4c73-a04e-263e574b411a,9/1/2023,Jaime Morris,North,Sports,6,317,56.82,September,0.179242902
df19f370-b832-41dd-991f-6f797d3c5d71,5/4/2023,Terry Bates,North,Books,1,434.26,61.86,May,0.142449224
9f97d5bd-2809-45ba-9f99-baf1f7c6a9f7,3/18/2023,Donald Dyer,South,Home Decor,4,425.48,44.88,March,0.105480869
f0eaa3c6-d844-4f78-bef5-3ae86219ed06,10/17/2023,Sonya Torres,North,Sports,8,1663.15,101.97,October,0.061311367
d925f560-ea86-4539-ac5c-e30145f64f33,12/19/2023,Chris Saunders,North,Groceries,5,1980.68,216.94,December,0.109528041
f5d2148c-ed14-4628-b9e8-ae5604d071fb,6/7/2023,Elizabeth Estrada,South,Electronics,4,584.82,136.29,June,0.233046065
53b84f34-d81c-4bd0-b4fc-6bf784c9ffd0,5/15/2023,Jacob Cooper,South,Home Decor,5,1824.4,182.55,May,0.100060294
04a4211a-40e1-4768-bcd1-795081d1596a,10/1/2023,Courtney Burgess,North,Books,1,1337.16,211.06,October,0.157841993
3e9f0945-580b-4fce-83b0-a5429f4e6425,7/19/2023,Michael Burgess,West,Clothing,2,1142.14,240.21,July,0.210315723
aa02f76e-549c-447e-9209-308edf7a78a6,12/1/2023,Haley Weaver,East,Sports,6,788.59,122.42,December,0.155239098
475b4c14-f846-4054-9b15-2869b326ca45,6/19/2023,Robert Holland,West,Groceries,6,679.53,131.58,June,0.193633835
89f464ad-f094-4333-a48d-7b4625cf03ba,11/25/2023,Russell Pruitt,South,Sports,1,1242.45,280.97,November,0.226141897
8ca9db0b-5347-4d8a-84ba-f4271e49dc9e,7/9/2023,Angela Lewis,South,Home Decor,1,1244.52,133.91,July,0.107599717
3e402347-9907-44c0-9a25-4c4e7b21fb00,1/7/2023,Todd Hernandez,South,Electronics,5,1767.59,90.44,January,0.051165712
910d06b6-89fd-4af9-986d-4572d3590f67,5/31/2023,Deborah Smith,North,Home Decor,2,883.87,138.26,May,0.156425719
e50f48e5-c541-4b14-81f2-7798f0bfad81,12/9/2023,Sharon Gillespie,North,Books,10,107.26,14.23,December,0.132668283
d4c3aaaa-eceb-437a-abbd-dadbafd6224f,8/25/2023,Kenneth Allen,South,Groceries,3,114.36,9.36,August,0.0818468
a89a150d-c26f-49f4-ac35-6df73a49cb04,7/8/2023,Cameron Johnson,South,Sports,1,382.48,79.1,July,0.206808199
6de5e027-21ec-455e-b486-af13cba51fd6,1/26/2023,Megan Jones,South,Sports,5,598.23,127.55,January,0.21321231
89096b5e-f28f-40c0-b354-80acf1e80db5,2/14/2023,Brian Logan,East,Books,4,934.85,157.27,February,0.168230197
acc99b97-fd77-41a8-a9e9-d60bc844a165,5/24/2023,Kelly Sandoval,East,Sports,5,1281.52,97.99,May,0.076463887
1436d260-d434-492d-8bbe-ea054653ff61,4/17/2023,Michelle Mason,East,Home Decor,3,534.05,100.84,April,0.188821271
3ce9f48b-7ac4-422e-98f8-cb97b255814f,3/23/2023,Stephanie Park,West,Electronics,7,480.6,109.15,March,0.227111943
2c15323b-a9f5-47b1-8e4b-f176d87ae31a,1/28/2023,Samantha Smith,West,Clothing,3,978.17,128.87,January,0.131746016
bfd0b79b-c7d7-41cb-b7c6-9163f1bd04e4,12/17/2023,Joseph Graves,East,Sports,4,260.13,38.14,December,0.146618998
66ef219a-39fe-4810-881a-bc01d203382f,10/2/2023,Kelsey Reed,South,Home Decor,7,1308.46,84.77,October,0.064786084
13169396-7edd-45ba-a901-cb3a82132bfe,10/16/2023,Jacob Sparks,East,Electronics,10,1614.02,225.9,October,0.139961091
dc4f6fb6-dcd4-4f33-aede-3c3400e954f6,3/22/2023,Mr. Kyle Scott DDS,South,Sports,2,529.29,68.42,March,0.129267509
d36a9a90-582f-44e1-8b46-12010838d851,9/10/2023,William Jones DDS,West,Clothing,6,1517.2,140.02,September,0.092288426
e3ffb4bc-a2fa-4a36-a224-d6fc92509b71,8/6/2023,Sarah Colon,North,Clothing,6,263.21,27.8,August,0.105619087
428353fd-e38a-4a38-a3a7-e79a5eb5d53c,7/8/2023,Christina Stanley,East,Books,10,1042.13,104.3,July,0.100083483
5b5b1743-ba9c-4ff3-9f0d-918f2662a1d2,5/14/2023,Gina Taylor,North,Clothing,1,452.77,45.05,May,0.099498642
243bc7eb-95a5-4f6f-904e-99a0dc07f7ba,2/5/2023,Gregory Davila,West,Electronics,2,451.85,72.25,February,0.159898196
9067f465-298b-4b3a-a69f-c01b5b8ea837,11/23/2023,Douglas Crane,West,Groceries,6,1808.98,330.51,November,0.182705171
7166a287-c974-44b3-8130-e95e38af9fe5,1/22/2023,John Edwards,West,Sports,5,241.42,53.91,January,0.223303786
b386ea06-7c11-4746-afe6-c4ac74686320,3/7/2023,Dalton Boyd,South,Electronics,8,532.23,58.53,March,0.109971253
ad480257-9c16-47c5-af2b-8e1bfe5f2e3b,2/20/2023,Justin Hebert,South,Books,6,1948.53,115.1,February,0.059070171
50791d41-d7c8-477f-b470-589210c23883,7/15/2023,Melody Clark,West,Groceries,4,1255.39,81.27,July,0.064736855
b3bd45a7-a356-4cf0-8320-94c328e7222e,5/28/2023,Mr. Jamie Garza MD,North,Home Decor,7,886.96,170.71,May,0.192466402
bc851c14-9804-4d60-9991-aa3ad0b5e858,3/5/2023,Vanessa Murray,South,Groceries,4,873.22,61.4,March,0.070314468
677ea36d-9c15-4ae0-a3a9-4da989b923d4,5/17/2023,Samantha Dean,North,Home Decor,9,1608.14,231.78,May,0.144129242
d6c4086d-65db-4d81-9bc6-b50686d74019,5/5/2023,Joseph Lawson,South,Home Decor,1,358.11,80.77,May,0.225545224
51aba4b6-a3ce-47fa-b8d8-cf61cdb8f0ea,5/26/2023,Jeremy Barrett,West,Home Decor,3,1694.83,320.96,May,0.189375926
c327e42d-2d2d-46c9-b115-f5f47bf2363d,5/30/2023,Scott Martinez,East,Home Decor,7,1587.23,250.39,May,0.157752815
592270c8-a0be-41ce-b43d-4820d50f88d0,3/25/2023,Michele Petty,East,Home Decor,8,540.76,124.34,March,0.229935646
38dff07f-714a-4139-8e92-4aa1a5bad885,2/19/2023,Laura White,West,Sports,5,1587.73,328.09,February,0.206640928
9f1999a7-fba6-4f02-8b73-8648f0ebb870,3/28/2023,Julie Prince,North,Clothing,5,1610.37,344.06,March,0.213652763
0a1ee938-6d38-4bd8-86c8-a6427dd82bab,7/25/2023,Jonathan Bauer,East,Electronics,5,1579.93,240.04,July,0.151930782
c175de4b-7901-4563-b200-e63ad5700b5a,12/12/2023,Karen Wilkins,West,Electronics,7,1187.68,148.76,December,0.125252593
468bdb70-8b6e-4609-b5b9-cc006c511441,7/7/2023,Gabrielle Mcdaniel,North,Home Decor,1,1609.75,275.45,July,0.171113527
a432e35d-461e-4ae9-b744-8afb302373be,8/30/2023,Wesley Miller,East,Home Decor,1,1744.47,347.26,August,0.199063326
3a6301f5-67b8-4976-8b15-d4582cc52234,11/23/2023,Wanda Medina,West,Sports,7,648.81,41.53,November,0.064009494
798246e6-66f4-4cdb-8ee9-bb102e1fee2b,4/5/2023,Allison Diaz,East,Books,9,1173,159.22,April,0.135737425
1f92c54b-fb98-48d5-988d-3b07c2ef4084,1/24/2023,Steven Diaz,South,Books,3,1715.32,256.26,January,0.149394865
782122aa-7cc6-485f-9b29-3525a9976816,4/29/2023,William Dominguez,North,Electronics,4,1236.81,299.66,April,0.242284587
517f6437-e532-4186-9803-c1dde322948f,5/6/2023,Laura Jackson,North,Home Decor,2,1577.84,154.83,May,0.09812782
8af57da2-beb0-456e-9873-02dc53a1f55c,8/29/2023,Ms. Natalie Cook,North,Home Decor,1,943.22,104.52,August,0.1108119
320919da-6215-40db-8dcc-5dcbb032378f,11/13/2023,Jeremy Miller,East,Clothing,7,1522.55,279,November,0.183245214
f7023321-a90a-4843-82bb-c6354e48ce3c,1/10/2023,Kelly Gonzales,West,Books,7,1447.52,85.37,January,0.058976733
99983c29-fcce-4fd2-8fc9-8aa3dab7a2c2,1/4/2023,Ebony Hess,West,Sports,3,1991.46,235.25,January,0.118129413
e076afcc-c5a2-4b0e-83f2-eddc158f522c,4/4/2023,Heidi Bell,South,Electronics,3,134.52,28.55,April,0.212236099
f4296e60-11a8-4989-8bea-2c1f0f2f37b0,12/10/2023,Diana Cherry,North,Sports,6,1239.49,90.33,December,0.072876748
f4c0153a-44c0-4c31-bb8c-c59b9713e4d3,12/15/2023,Felicia Jones,East,Groceries,1,1472.4,320.63,December,0.21776012
6ffef3e8-018f-44bb-980b-f4573ef8aea6,2/26/2023,Mario Escobar,West,Groceries,5,981.07,108.96,February,0.111062411
86d34bfe-1de4-4628-ad10-0cbf767bf585,7/31/2023,Paul Mcdaniel,East,Sports,3,1250.87,275.22,July,0.220022864
e3c849a6-55ad-41b9-b070-6a797d86fe66,1/3/2023,Michael Howard,North,Home Decor,7,1780.41,407.8,January,0.229048365
ec5e9c01-6933-43c0-adf9-deae00269a2c,7/24/2023,James Ferguson,West,Clothing,1,416.54,81.27,July,0.195107313
289cd17d-9c0c-4dda-bdff-c6cc0eb96dcb,9/7/2023,Jennifer Benton,West,Sports,4,147.79,34.55,September,0.233777657
a713a2e3-7ba6-4073-9da6-3119f6c958fe,5/18/2023,Vincent Ellis,East,Home Decor,1,1844.7,435.6,May,0.236135957
09601724-7e7c-4aec-ac5f-4867f22c260d,10/4/2023,Edwin Garcia,West,Sports,3,1317.45,95.76,October,0.07268587
9c1fdb59-3f33-496d-9f7e-494a01cf8436,9/30/2023,Jeffrey Wood,West,Groceries,5,518.73,75.63,September,0.145798392
4ed41517-d922-46b5-a213-3ac2fd3c0dcd,12/12/2023,Ashley Bird,North,Clothing,8,180.82,34.38,December,0.190133835
2d92532d-754a-45b6-9dd5-16b45f6e3974,3/8/2023,Richard Mendez,East,Sports,2,1388.67,195.5,March,0.140782187
a35b8ec0-5837-4c8a-8482-7928a9155dd4,8/13/2023,Elizabeth Ochoa,South,Clothing,7,1959.09,421.23,August,0.215013093
94f4c7e0-e532-45b9-b7db-caffdbb0f5bb,8/24/2023,Kyle Haynes,South,Groceries,7,1322.29,199.58,August,0.15093512
ccc6de1f-b0ee-461b-8935-d6cf3486312b,6/12/2023,Regina Gray,North,Books,5,548.43,31.07,June,0.056652627
f9a31bd2-3fee-4277-bf90-c4b98e87e850,3/22/2023,Steven Waters MD,North,Groceries,7,261.34,22.77,March,0.087127879
2234c048-1c0e-44d7-8307-fd763fe6fd18,7/10/2023,Shelby Woods,North,Clothing,9,459.37,23.11,July,0.050308031
0abaa2c0-d1ab-4170-bfa5-dcb1c74ab14c,2/28/2023,Patricia Stewart,South,Home Decor,8,604.3,33.04,February,0.05467483
d91d15a8-df0b-4a70-b6ee-73db601a57ec,8/10/2023,Michelle Bennett,East,Electronics,6,1886.5,358.31,August,0.18993374
6ea0026b-9cbb-438e-abda-5b7f63e85fdf,1/16/2023,Jacob Torres,North,Sports,7,604.87,121.37,January,0.200654686
4b297968-6a85-45ae-84a8-035c3f9d7cf6,7/22/2023,Jason Manning,East,Electronics,10,947.22,104.49,July,0.110312282
affce8e9-62de-4fdb-bd32-8aa57b825faf,8/25/2023,Whitney Armstrong,North,Groceries,10,1831.74,157.73,August,0.086109382
2489373b-75fa-4dc0-938d-45104ed0cd4d,5/9/2023,Lisa Anderson,North,Sports,9,400.65,35.8,May,0.089354798
5c0336c1-2a17-4c6a-9dd9-c6e34058edef,7/21/2023,Elizabeth Ellis,North,Groceries,6,297.38,41.09,July,0.138173381
2f0cb02d-9981-4d1d-acc5-abef8d73a20b,7/19/2023,Tanya Williams,North,Groceries,4,1441.25,101.87,July,0.0706817
59bbb4dc-975f-4838-a1ba-4586e54d37a1,9/20/2023,Madeline Adams,East,Sports,3,1600.77,209.48,September,0.130862023
8b3d69b7-1704-4146-b12c-0940a49778e2,1/1/2023,Emma Murphy,South,Groceries,6,1713.13,185.39,January,0.108217123
8ec7f527-d9d2-4887-a04e-de013ef096e4,5/29/2023,James Lane,South,Electronics,9,1797.49,315.43,May,0.175483591
befebeb5-c057-4446-a7d0-178630782287,2/8/2023,Justin Norris,South,Clothing,7,495.68,103.72,February,0.209247902
46551144-04f8-46dc-a229-d3dfc0faf70f,12/4/2023,Samantha Martin,North,Home Decor,8,1831.54,251.43,December,0.137277919
0a676a61-5dcf-4efc-a1ea-c6fac7382fd9,4/8/2023,April Phillips,East,Sports,7,1149.66,242.59,April,0.211010212
251a45b2-0071-4bb7-9b8a-d161327d01d0,6/12/2023,Sherri Harvey,South,Home Decor,10,1971.07,310.76,June,0.15766056
1bad72f5-50da-403d-b25b-8444683ed209,2/3/2023,Jorge Foster,North,Electronics,6,1562.82,263.71,February,0.168739842
3c4439ab-cbeb-4040-8858-11a52df0fd01,2/9/2023,Emily Sims,West,Home Decor,10,1103.8,265.33,February,0.240378692
55a7b1ba-b76b-4366-8250-b4473b4e134a,10/1/2023,Mr. Brandon Cunningham,East,Clothing,5,931.71,179.56,October,0.192720911
68aae253-c11b-49ef-a6d9-5dc6000ac086,12/15/2023,James Rodriguez,East,Sports,1,951.71,231.54,December,0.243288397
0c054854-df85-46bf-a2cf-0ef50ec178ac,12/6/2023,Robert Gardner,East,Groceries,8,1629.26,302.66,December,0.185765317
c098d286-08e5-4f8e-b3b0-eae2d4f7e1c6,5/25/2023,Brett Howard,North,Books,7,441.63,27.68,May,0.062676901
c114d97f-acee-452f-9e13-865c16e77920,5/9/2023,Cynthia Walker,South,Sports,3,1534.47,254.35,May,0.165757558
b070bdcb-a0cf-4cdd-a3ed-c7e07ff6815e,2/1/2023,Stephen Hardin,East,Groceries,1,1235.07,130.89,February,0.105977799
579704ad-69c8-47da-a2f4-260d57620ecd,6/6/2023,Mr. Anthony Anderson Jr.,West,Sports,2,71.64,13.83,June,0.193048576
77106d15-cdff-4c31-b773-61315b434e02,1/13/2023,Steven Carr,North,Groceries,6,568.58,138.62,January,0.243800345
c5e3f8d4-384c-4b4d-93f9-0ad6ad19aca3,4/3/2023,Marcus Rowe,North,Clothing,2,502.27,52.45,April,0.104425906
fbf2a7a3-6aad-45ee-ad9a-54629b7f3e35,11/13/2023,Danielle Oneill,East,Home Decor,5,146.67,35.65,November,0.243062658
1b94cb70-9d1a-45ce-abdc-c2869d3337cb,6/21/2023,Richard Turner,West,Groceries,2,512.17,102.16,June,0.199465021
c9dff09c-0d5d-416e-be6e-e166a528419a,1/2/2023,Mark Smith Jr.,West,Home Decor,1,1384.65,262.83,January,0.189816921
345ce8cb-0a24-476e-a335-cb03e152aaa9,10/3/2023,Cory Thomas,East,Sports,3,1422.37,132.87,October,0.093414512
89baedaa-2775-4a94-b57b-be581134ea8c,3/5/2023,Michelle Clark,East,Clothing,5,1697.96,270.36,March,0.159226366
ce890d5b-8d6e-4ae1-b4e2-05e4bc40bfa5,10/30/2023,James Little,North,Clothing,3,1363.39,171.52,October,0.125804062
85d40ed2-763f-4abd-b602-6e8a026019f0,9/14/2023,Morgan Benson,North,Groceries,7,1169.69,264.68,September,0.226282177
2cb77d6c-e078-48fa-badf-79f7b45d072e,6/5/2023,Alex Foley,North,Clothing,9,281.19,22.51,June,0.080052633
e1ea85b2-d65c-437a-88a4-e00653032234,7/8/2023,Angela Marshall,West,Sports,2,1867.87,378.11,July,0.202428435
ba39597f-9c06-4ff7-a911-f24362889866,5/31/2023,Samantha Sanders,West,Sports,2,1831.79,291.43,May,0.159095748
e9258090-4462-4e96-8d44-8b5469ad665d,7/31/2023,Emily Finley,North,Home Decor,7,1744.15,291.89,July,0.167353725
167ff19c-bbc2-45c6-bd38-6d03d6b5059a,9/11/2023,Barbara Cobb,East,Groceries,2,76.1,12.84,September,0.168725361
919108b0-63df-4ae1-ba9b-59284bf34dfe,5/16/2023,Alexandra Weaver,East,Sports,10,1084.62,230.74,May,0.212738102
06e9fc33-3e86-48a4-815d-b01a81734cdb,6/21/2023,Heather Schaefer,North,Electronics,3,656.47,83.47,June,0.127149756
6fe63236-6e4d-4cd1-80ea-6c2ee0ebfc5e,12/18/2023,Robert Parker,East,Clothing,2,1745.85,230.85,December,0.132227855
f95a1656-8ff2-4c27-b458-6ce87f588530,4/18/2023,Alexander Taylor,West,Clothing,3,715.24,36.41,April,0.05090599
8d109ac4-a87c-45ff-9ca4-1b580e01f001,8/3/2023,Kathleen Mckay,South,Books,10,1529.23,102.02,August,0.066713313
3a696460-d811-46c0-afeb-8e2419c2337d,7/3/2023,Alicia Sharp,West,Clothing,10,1473.48,86.1,July,0.058433097
c47f3f2b-b964-40c7-a670-2775a8d44ca7,8/12/2023,David Coleman,East,Groceries,8,1933.93,339.3,August,0.175445854
e8b7862e-9d32-4f13-b971-ff8f426f5916,4/29/2023,Brenda Rios,South,Groceries,2,916.38,104.66,April,0.114210262
39f983b4-414c-47c8-aff2-b72925b6d5a5,12/16/2023,Laura Carter,North,Home Decor,4,1573.2,239.96,December,0.152529875
22cb5aba-c78b-4adf-8203-ab520a31f6e2,8/1/2023,Christine Conley,West,Clothing,8,305.15,40.18,August,0.131672948
d9c165b3-380d-40b4-8cfe-b435f12e50e4,12/3/2023,Ian Baker,South,Books,4,635.69,64.25,December,0.101071277
fd2a8ffe-8a09-425f-84ea-95577e3aea20,11/11/2023,Kelly Mckinney,East,Electronics,3,1999.84,216.66,November,0.108338667
e7b550fa-b56b-4796-ad82-85675feaf4a9,3/26/2023,James Alexander,South,Groceries,3,397.25,51.9,March,0.130648206
56d512a3-ac7a-4a00-98c2-b8af4a685a00,10/28/2023,Paula Ramirez,East,Electronics,7,1026.44,123.46,October,0.120279802
d7b4a55a-6025-4e1c-9fdb-dbfab7bb0adc,8/13/2023,Nicholas Smith,East,Clothing,7,759.86,92.08,August,0.121180217
cbacc159-8e33-41f6-9db5-be3eb40aaa7c,11/13/2023,Kyle Logan,East,Books,9,313.67,73.79,November,0.235247234
23da6f37-c2c5-438f-be70-44e71b2497e5,3/2/2023,James Sanchez,North,Books,3,934.35,228.99,March,0.245079467
4218e573-b8f4-4657-98d8-3675770ba616,12/9/2023,Susan Turner,North,Sports,10,1414.78,251.6,December,0.177836837
e7a01b9d-f769-4287-9a36-81979956c974,3/29/2023,Joseph Solis,East,Home Decor,4,1955.46,353.61,March,0.180832132
7f73a915-a212-445e-9dd9-03ba7bbaef93,5/10/2023,Mary Mcgrath,East,Home Decor,6,1758.9,249.77,May,0.142003525
12180934-6156-40f3-8fa7-a4386f3f49f4,4/9/2023,James Williams,East,Books,8,823.65,124.21,April,0.150804347
2471d6bd-d6e4-4a29-8588-accdf9f06012,6/30/2023,Christine Lambert,West,Electronics,10,193.22,45.09,June,0.233360936
092a2222-819e-4646-b362-0e696b9cf6b2,6/21/2023,Sierra Stevens,North,Clothing,3,577.07,81.93,June,0.141975843
1186da5b-0bb4-4483-a9b6-c5fcdb4fa21f,2/20/2023,Daniel Molina,North,Home Decor,7,1428.73,333.7,February,0.233564074
5ca5042e-10c2-4392-a9db-a34c532221e2,7/28/2023,Aaron Gardner,East,Home Decor,9,1526.95,326.81,July,0.214027964
4f25da42-c1d5-4f3c-be07-a51bca2712ba,1/18/2023,Joshua Riley,South,Groceries,2,1319.67,175.88,January,0.133275743
3cd10068-c29a-486e-adb6-db1da33f1754,4/30/2023,Tyler Mahoney,North,Groceries,2,1047.66,173.25,April,0.165368536
dc880a29-d745-4dd0-8fc7-a6d20dbb5f55,12/26/2023,Tricia Bolton,North,Groceries,1,1333.64,297.81,December,0.22330614
0409a997-8408-46d9-a8dc-d8840b0e52d5,9/9/2023,Thomas Bennett,South,Electronics,6,1936.36,102.74,September,0.053058316
8da8e8b1-ffb6-4554-8dcd-e1b3c8b7cf16,12/28/2023,Benjamin Freeman,South,Clothing,8,1185.57,185.29,December,0.156287693
0b33d390-c04d-4309-ae41-eb04f811b567,7/14/2023,Daniel Smith,West,Groceries,9,1939.92,346.46,July,0.178594994
df01d2ae-aaa0-49b8-b981-3b85187dd9c6,12/16/2023,Steve Stafford,West,Sports,8,1888.04,470.39,December,0.249141967
91e75aca-c27e-4997-b18c-4d399298fe29,10/5/2023,Meghan Jordan,East,Groceries,7,328.4,22.9,October,0.069732034
49d927a8-2e28-4dbf-a959-d2dd645c4a1f,4/4/2023,Derek Bennett,South,Groceries,4,1680.25,310.22,April,0.184627288
398a306a-db88-4f17-90af-525e3651d9ea,10/3/2023,Timothy Green,West,Groceries,6,359.63,29.82,October,0.082918555
028dba17-7f30-4ca3-916d-5d35e4a85e2b,3/31/2023,Brandon Sanders,North,Sports,1,1068.32,259.61,March,0.243007713
33cb1b20-4587-4674-ad44-b87e906a2c81,10/5/2023,Matthew Williams,East,Clothing,10,629.18,105.45,October,0.167599097
cb6a4e4d-f440-42b2-96a3-1263834cff3c,3/9/2023,Sarah King,North,Home Decor,2,1273.01,270.47,March,0.212464945
f62cdc39-eccd-4523-a11f-e602874bf5fa,11/28/2023,Wendy Sheppard,West,Books,4,1018.42,193,November,0.18950924
72c80696-7225-432c-adfe-de0d43bf6504,1/25/2023,Maria Baker,West,Electronics,2,1147.24,257.32,January,0.224294829
2627c974-e675-4c13-9a34-3898c8e43374,6/8/2023,William King,North,Electronics,6,417.82,24.64,June,0.058972763
6b429142-94a2-4109-9cea-c06e8e427589,12/22/2023,Shirley Schmidt,East,Groceries,6,463.71,93.13,December,0.20083673
b1124849-e73c-415d-b9c1-3062dd05ed91,11/11/2023,Alicia White,West,Clothing,10,984.87,171.7,November,0.17433773
ea7a5b57-beb4-4c32-ade8-c24452d40816,7/24/2023,Amanda Burnett,East,Books,2,130.74,23.93,July,0.183035031
374e4377-0ac9-43e9-9891-9c6134f3b6ae,1/5/2023,David Harris,West,Groceries,6,892.01,185.21,January,0.207632201
cc401018-6b3c-486a-8774-53988af57b7a,9/9/2023,Tammy Reed,West,Sports,9,704.12,129.35,September,0.183704482
01dee1a1-9a01-4709-acf8-5508e1d49a09,2/10/2023,Katherine Barker,South,Sports,3,1692.95,190.01,February,0.112236038
86b2c2d8-35f0-4ec5-8420-41ca0030f3fb,5/20/2023,Laurie Cook,South,Electronics,10,63.52,5.24,May,0.082493703
7dab6e71-d961-4dfa-9058-88bf7976a0f9,8/12/2023,Cassandra Long,East,Books,5,1715.7,416.46,August,0.242734744
8556eaef-6e48-4a72-8bd9-7d52e8bb304c,3/20/2023,John Lawrence,North,Groceries,1,786.88,164.12,March,0.208570557
b323592e-bd15-42c9-9802-87ed9a91e752,4/25/2023,Theresa Campbell,East,Groceries,2,197,26.22,April,0.133096447
3112109f-feaf-49d0-a4bc-edcba47bc229,1/19/2023,Derek Mills,North,Books,4,343.41,63.16,January,0.183920096
ac73e119-addf-42e4-858a-ab59a83344e8,9/12/2023,Jamie Brennan,East,Clothing,6,681.98,137.77,September,0.202014722
08ba3f66-b596-4a46-8fd0-fc309e875edb,5/7/2023,David Herrera DDS,West,Clothing,2,1552.6,331.37,May,0.213429087
165f71e2-d77c-42ae-98d1-bbfa485469ec,3/28/2023,Jason Acosta,West,Clothing,9,868.96,63.91,March,0.073547689
dbaa94c4-8816-4ae5-bca8-bf811b0eb5cf,12/17/2023,David Atkinson,North,Clothing,3,1764.08,89.52,December,0.050745998
1e510001-c47e-465a-a98d-01dfcac34232,10/18/2023,Erica Martin,South,Electronics,6,1761.17,182.18,October,0.103442598
1fdb217f-d9db-473c-9f24-7a0c2759eac9,12/9/2023,William Williams,South,Home Decor,3,797.83,169.99,December,0.21306544
2ca1e40a-62d9-4e83-bc09-1f35623190c9,11/28/2023,Tina Robles,South,Books,4,636.92,147.19,November,0.231096527
d10a8fe7-96f9-4be1-aefe-132b547950e9,5/5/2023,Alexander Carrillo Jr.,East,Books,5,366.14,61.88,May,0.169006391
dbe7afb7-1aa7-4a05-84a0-321d4bc7051b,9/11/2023,Carolyn Gordon,North,Sports,6,1403.56,303.43,September,0.216185984
e567b1cc-d464-4e66-b86a-df6c14c38bb5,6/1/2023,Marie Bond,North,Sports,9,973.22,79.43,June,0.081615668
178ca76b-58b3-4fb8-801f-f5e3ad6b7333,4/13/2023,Kevin Haas,North,Sports,5,1927.96,276.04,April,0.143177244
d741222f-12b2-49e0-be6c-8951068ca194,1/1/2023,Karen Figueroa,North,Sports,5,442.94,40.86,January,0.092247257
d0a8fd43-40ae-41fd-8d73-f5596ee62716,9/10/2023,Michael Knight,North,Home Decor,2,236.32,44.44,September,0.188050102
ed1e054f-5fb7-46f4-b61e-d23388dd9e86,10/24/2023,Mitchell Bennett,East,Electronics,4,1954.36,197.34,October,0.100974232
80f74263-1f2a-4264-88bb-01febfb6230d,3/23/2023,Jim Fernandez,West,Electronics,10,470.52,81,March,0.172149962
dcb7c7fc-5011-42dd-be33-44a0bb1f8311,3/12/2023,Ashley Clark,East,Electronics,10,1419.04,286.06,March,0.201586988
d9cd4b91-d7e7-4a72-aa65-113d6f94ed84,10/14/2023,Aaron Klein,South,Electronics,8,1540.15,355.28,October,0.23067883
ed6177be-2de4-415d-b26b-fc7adcccb749,1/18/2023,Benjamin Owen,East,Electronics,3,1012.82,181.79,January,0.179488952
649ddd51-0339-423b-b63b-29eab9be64e1,11/14/2023,Julia Pratt,West,Clothing,1,1489.31,110.53,November,0.074215576
16b9315a-eea6-4d23-aaf3-913e301c8730,2/13/2023,Cindy Willis,West,Home Decor,9,696.73,56.95,February,0.081738981
f1f9e473-352c-448b-b8a7-9810bb90ead7,2/9/2023,Jared Garner,North,Sports,7,647.19,115.6,February,0.178618335
63f49a42-0781-4183-9d17-b02790fc2f5b,5/2/2023,Jack Rice,North,Electronics,5,1468.71,197.22,May,0.134281104
3746e504-5e17-4a5f-a53d-14597228ef11,12/4/2023,Brian Holt,South,Home Decor,4,407.28,98.09,December,0.240841681
a7a2d842-dac5-43d3-94d0-f793db265d6c,8/30/2023,Mrs. Michelle Adams,West,Books,2,1047.03,150.57,August,0.143806768
8c65f528-9169-45bb-b286-1dbe5061a00b,9/24/2023,Mitchell Curtis,South,Sports,8,1238.06,189.27,September,0.152876274
ece48fdc-68d6-4b08-a7f2-cd88eb234881,10/25/2023,Michael Allen,South,Books,3,429.32,24.78,October,0.057719184
bea82e21-b620-4beb-afc2-0d7d4aea3cde,2/24/2023,Angela Allen,East,Books,3,349.82,26.67,February,0.076239209
fbac46f5-47c8-44cc-a445-d014648f0804,6/19/2023,Anthony Burton,South,Electronics,5,391.03,96.16,June,0.245914636
490768b0-0530-4ee3-9044-d06c1ce80870,12/28/2023,Rebecca Garcia,North,Electronics,6,770.76,105.84,December,0.13731901
24a6485f-c3ae-4d36-8fea-470f9ed0c113,1/18/2023,James Tran,South,Clothing,3,52.07,9.42,January,0.180910313
3f507e7b-3482-46db-a88b-dcdaf7dc571d,7/9/2023,Ryan Berry,South,Electronics,9,218.34,37.49,July,0.171704681
a79e431f-c6ad-4d4a-b7c6-c427bc67b332,4/2/2023,April Davis,South,Home Decor,1,1608.86,228.23,April,0.14185821
ea805229-b445-4af3-96dc-ae4e89ec5252,11/5/2023,Stephanie Gates,East,Clothing,6,151.38,15.45,November,0.102061038
7bcaf161-97f5-47b8-a109-ce6d638ed6d1,5/16/2023,Michelle Smith,East,Sports,4,634.29,92.2,May,0.145359378
65b9af9d-66fc-4a7b-b593-dc66cd2af216,6/11/2023,Samantha Smith,West,Clothing,3,1476.28,151.68,June,0.102744737
8fc929bd-a5bf-41ad-acac-7eaaa9ed0751,2/20/2023,Patricia Miranda,North,Home Decor,1,1084.89,128.77,February,0.118694061
5291b049-6a2c-4004-8465-a6d5e086f2af,7/30/2023,Jennifer Nguyen,West,Home Decor,5,773.13,122.05,July,0.157864783
510cbf3a-5180-42a0-acdf-fd0f651fff2d,3/11/2023,David Stewart,North,Electronics,4,769.9,80.69,March,0.104805819
cd8801de-c51e-4f7d-a2b7-aabd1be4143d,3/12/2023,Kevin Wilkins,South,Groceries,7,293.43,43.39,March,0.147871724
4cb4d9a4-c0de-4b89-be03-7ad53f69fe38,11/28/2023,Tammy Carlson,West,Home Decor,9,1583.01,323.92,November,0.204622839
fb21f62d-5620-42de-8245-00dbebdb7c95,1/4/2023,Laurie Cox,West,Books,4,675.73,68.48,January,0.101342252
3f4fdb9b-15ed-4d8a-9948-f6332ed3dea2,8/18/2023,Patrick Ramos,North,Electronics,5,1104.29,275.21,August,0.249218955
b00fecf4-d53a-4c3a-83ff-0b3a5380531c,5/22/2023,Christina Tanner,South,Electronics,4,1587.68,264.27,May,0.166450418
062384ff-fb6d-40ce-a121-89809111f1f5,12/30/2023,Anna Trevino,East,Electronics,1,495.27,73.19,December,0.14777798
12c1138b-d7be-4639-8b7d-9216ed99ac9e,2/2/2023,Desiree Gonzales MD,South,Home Decor,2,796.71,118.62,February,0.148887299
3e9a772e-8837-4a86-90c1-a29afc01694a,7/28/2023,Charles Matthews,South,Home Decor,5,1726.19,116.42,July,0.067443329
c97825ad-137e-41d5-989c-0ffcdc91b762,8/20/2023,Justin Rogers,West,Clothing,7,1148.53,233.53,August,0.203329473
872fe361-42b2-4540-a24b-fb0d598d5ca2,2/24/2023,Samantha Decker,South,Groceries,9,1453.92,340.8,February,0.234400792
4b6a1b1d-00dd-410c-823c-e92989bc84b6,7/4/2023,Diamond Graves,West,Home Decor,4,411.12,38.09,July,0.092649348
c9ab9a1b-9860-49bb-8344-e247f13ef6d2,3/25/2023,James Murphy,North,Sports,5,966.31,59.9,March,0.061988389
26d89a8c-5324-4280-bf5a-020423f2da2d,2/26/2023,Eric Odom,North,Home Decor,9,879.56,102.14,February,0.116126245
ce0efed3-15e2-4b52-9d3e-ef19d02cf526,8/6/2023,Thomas Porter,East,Home Decor,3,1312.84,265.86,August,0.202507541
142f4290-d7bd-4791-86de-025e03e982fa,4/1/2023,Elizabeth Williams,West,Clothing,2,1855.28,400.64,April,0.215945841
9c689b36-aa46-4794-a601-53ea22b5df97,4/30/2023,Evan Barron,North,Groceries,3,1865.75,341.01,April,0.182773684
920cd3b8-4d26-496f-9b99-99d77322fdfa,9/25/2023,Ashley Gallegos,South,Sports,6,1778.33,309.09,September,0.173809136
fedb852f-1cce-43d1-a5c8-23616d20022a,7/4/2023,Jeremy Russo,South,Home Decor,3,148.67,12.04,July,0.080984731
6876826d-9173-46c9-a1ad-abb79a62513f,6/19/2023,Jeremy Jackson,East,Groceries,5,1552.4,326.62,June,0.210396805
5dd64593-31f2-4908-a38d-bb7e3ad361de,3/16/2023,Joseph Mora,North,Groceries,7,817.38,166.82,March,0.20409112
578e651a-0a99-4085-98f1-d55280869f58,4/26/2023,Rebecca Vasquez,South,Home Decor,7,409.67,56.66,April,0.138306442
6d096ec0-fe51-494d-8834-bb3a05147fea,4/18/2023,Michael Porter,North,Groceries,2,1188.96,176.13,April,0.148137868
a6ee8026-f9e6-4cca-81e2-10eca57cf826,1/8/2023,Michael Allen,North,Electronics,3,1243.79,250.49,January,0.201392518
f3692b22-3949-4e4b-87ea-36aa971056e2,3/29/2023,Vicki Reilly,West,Groceries,3,1082.76,118.01,March,0.108989989
1f587caa-e13a-4716-a084-b2b0b5fc791f,2/2/2023,Brent James,East,Groceries,1,350.56,66.21,February,0.188869238
364ac7f4-3c6c-4da8-bf42-542c5baf6653,6/23/2023,Derrick Roman,West,Clothing,9,1746.2,99.84,June,0.057175581
e688f05e-7e6f-432d-b67c-f0887f4ad1b5,4/24/2023,Richard Hernandez,East,Clothing,9,531.46,27.58,April,0.05189478
1385375c-a1f0-4098-9193-5abb42cea886,3/13/2023,Donald Smith,East,Clothing,6,1887.47,158.51,March,0.083980143
a49e36c5-728c-4205-bd4b-89bcbedda067,9/2/2023,Joseph Coleman,East,Groceries,3,1215.06,178.81,September,0.147161457
eda0f2f3-10fd-41ca-941a-7e9c915ad4d1,7/29/2023,Jacob Simmons,West,Clothing,4,91.35,22.38,July,0.24499179
af2dd8f0-1d19-4eec-929f-efba97bf86b3,9/7/2023,Mr. Cody Johnson Jr.,West,Books,8,488.89,72.49,September,0.148274663
8b5feab3-d689-44a5-9cdd-ac23f10f1f62,3/3/2023,Whitney Schmidt,North,Home Decor,1,1512.3,253.46,March,0.167599021
4e360157-5695-4c3c-8ada-f92d2534d858,2/22/2023,Mark Stephenson,East,Home Decor,2,835.17,99.54,February,0.119185316
c7ff1f21-8839-42b5-809d-108c84e2ca17,10/27/2023,Steven Kim,West,Books,10,1969.45,160.96,October,0.081728401
6866bda9-f4d7-457a-923c-6b6cb499acf3,2/17/2023,Margaret Clark,South,Home Decor,8,259.51,54.18,February,0.208778082
ba2bdab5-51b0-43c5-89e7-baba75da3e50,1/10/2023,Paul Ramos,South,Home Decor,7,147.17,18.4,January,0.125025481
109d5c8d-4562-4aff-96b2-64357bb8be94,10/24/2023,Meagan Shelton,East,Clothing,1,276.54,54.43,October,0.196825052
159cebfc-def0-4738-9996-91d61565fe5d,6/16/2023,Penny Holland,South,Groceries,4,280.06,68.69,June,0.245268871
f1c1096e-cd6e-4c6f-b9b7-d2fe57e6615c,5/30/2023,Shari Butler,North,Sports,3,1317.74,114.16,May,0.086633175
026d44c2-b1e7-4fe1-b94c-957792eb4614,7/11/2023,Jonathan Torres,East,Sports,4,656.64,66.06,July,0.10060307
677bd216-406e-4398-9a4a-2a9c6735a173,2/20/2023,Christopher Hill,South,Clothing,1,770.05,107.7,February,0.139861048
07c57156-2d68-433b-92c2-8839db514bc0,10/6/2023,Gary Brock,North,Groceries,6,455.23,63.15,October,0.138721086
c89f403e-ba7e-44b1-8809-9ccbe5a6beb5,12/4/2023,Brittany Nelson,East,Groceries,4,738.79,93.36,December,0.126368792
6b8acec7-1f7b-4da2-9868-0e4dab723535,7/19/2023,Mary Sullivan,South,Electronics,7,1763.35,284.58,July,0.161385998
4f130b23-360c-4c9a-820c-fbc0d66ee0a4,11/21/2023,Jason Gutierrez,West,Groceries,8,1343.45,125.95,November,0.093751163
c6150907-d3f4-4a2e-b5ad-03adae971471,1/3/2023,Ryan Mcdaniel,West,Groceries,8,1662.45,137.26,January,0.082564889
9f78299c-b9a9-4a03-bf8d-c9f2e3a10464,2/21/2023,James Harris,North,Home Decor,2,734.63,154.5,February,0.210309952
b3b09878-9ab9-4ad0-884e-deb0e53a9fe5,11/25/2023,Amanda White,West,Electronics,3,1591.76,251.92,November,0.158265065
155d4fed-13be-4224-b2cc-59b1688393f7,2/21/2023,Derrick Harper,West,Groceries,9,868.59,127.55,February,0.146847189
fdcb54ac-b369-407d-9361-afa9aaf2264b,1/9/2023,Joshua Barnett,West,Groceries,6,670.36,165.28,January,0.24655409
7bfaf3a1-723f-41ba-9260-2d108a106c97,7/25/2023,Joseph Perez,West,Electronics,1,849.15,82.11,July,0.096696697
90639376-7023-4287-90fe-b07aa0e33935,7/6/2023,Taylor Marquez,North,Home Decor,2,1226.05,195.26,July,0.15925941
8c49a512-f510-48fd-8b55-26051b993db9,8/13/2023,Richard Carpenter,South,Clothing,9,216.34,28.05,August,0.129657021
ee1f51e9-68c5-43ee-aa8a-1b089a825206,1/19/2023,Sandra Brown,South,Home Decor,7,1169.15,86.39,January,0.073891289
fd1c9a78-350b-42e7-9712-11a9aecb2682,12/18/2023,Alexander Smith,North,Electronics,9,1589.92,311.33,December,0.195814884
b50aea15-20ff-42cb-a857-548c9e689188,11/1/2023,Rodney Duncan III,West,Home Decor,1,745.66,131.28,November,0.176058794
8c996579-6ec5-4896-bfcb-2aa32e6db0ac,4/21/2023,William Brady,West,Home Decor,2,651,97.98,April,0.150506912
f14a58b3-eefd-4aa0-a5d6-d7c124b4aaaf,3/27/2023,Jade Brown,South,Books,2,796.77,171.07,March,0.214704369
616cd40e-243c-43d0-bab3-19ae45b333c7,6/27/2023,James Turner,West,Books,7,1135.92,162.41,June,0.142976618
66b19ddd-5d88-4586-8fad-3771827254df,8/13/2023,Carrie Hubbard,South,Home Decor,10,1896.79,142.3,August,0.075021484
8aa97d3f-bd63-47b3-9595-7c157d3e3711,6/10/2023,Benjamin Guerrero,East,Sports,6,465.05,106.33,June,0.228642081
a6d3b6c4-7810-4040-9cec-2965858f0cef,2/8/2023,Patty Prince,South,Groceries,8,1428.1,249.47,February,0.174686647
21f6383c-7fca-4734-b32d-747134f75266,1/8/2023,Joseph Mcintyre,South,Books,4,1402.33,201.22,January,0.143489763
fc961495-3051-4587-bec9-787d2a0f12d3,6/15/2023,Jonathan Drake,North,Books,2,139.42,10.05,June,0.072084349
6898a668-df18-4e4f-b94e-61fe1bbc403d,11/26/2023,Mr. James Conway,South,Electronics,3,1335.04,109.7,November,0.082169823
bee4da7a-b175-431d-aca6-2a60701b9ea6,10/24/2023,Matthew Rose Jr.,North,Sports,8,1938.99,451.79,October,0.233002749
42e37126-04d7-4fe3-a7c5-2dc01327278c,11/13/2023,Charles Zhang,East,Sports,8,965.53,92.12,November,0.095408739
8115fa91-382a-42fb-ab04-6f6beebc2e29,9/25/2023,Emily Morton,West,Clothing,4,66.82,3.96,September,0.059263694
6cf89db3-98b3-4261-85f8-7eff12d06ce5,6/7/2023,Douglas Wang,North,Electronics,3,181.1,20.45,June,0.112921038
9d270596-b945-4195-903c-e6060b7fc161,12/4/2023,Jamie Peters,South,Electronics,9,85.03,4.44,December,0.052216865
9489dd71-9c25-407a-b823-feb16a1dbb17,1/27/2023,Ashley Brown,North,Groceries,4,1746.61,357.53,January,0.204699389
63e55888-b40d-4177-9641-7f0c516ee3ec,10/14/2023,Samantha Mcclure,West,Groceries,6,1833.99,448.23,October,0.244401551
403af7af-f2d7-4a3b-8e35-22edb63250a2,9/13/2023,Joshua Watson,South,Clothing,10,1663.13,202.57,September,0.121800461
f3020be7-f864-45d7-8c6b-f5b8a86e890b,12/5/2023,Elizabeth Wright,South,Electronics,1,1928.71,446.77,December,0.231641875
3bef6eef-f630-4286-a3f5-f60a30b570fe,3/26/2023,Anna Parks,North,Electronics,5,1911.55,319.49,March,0.167136617
18f13c60-2bbe-4100-a162-113f8285b5e8,6/23/2023,Samantha Huang,East,Books,1,1085.17,107.62,June,0.099173401
f61ad046-7097-4750-b260-935ca9dc969f,11/10/2023,Jasmine Wilcox,East,Home Decor,10,1344.63,312.04,November,0.232063839
c3c74f42-c4b9-4e85-a253-dfc54d9f0dfa,12/24/2023,Karen Hall,South,Sports,8,1207.4,144.49,December,0.119670366
452db5ba-d64d-4745-8f86-43af86e396dd,8/27/2023,Jessica Huffman,East,Sports,8,1109.23,236.06,August,0.212814295
56220722-8cf6-4636-811b-74f7b5dc436b,8/2/2023,Megan Ruiz,South,Electronics,6,587.46,55.88,August,0.09512137
d7a60585-18c8-4622-953f-a183977b5433,5/27/2023,Miranda Jones,South,Books,6,1622.6,233.97,May,0.144194503
46e7fd7d-b311-439c-a9d1-b180f4c14233,12/6/2023,Carl Richardson,South,Electronics,4,1196.59,119.04,December,0.099482697
85a81960-0eab-45f6-966a-acac95d05ad6,10/9/2023,Eric Hunt,South,Electronics,5,1964.39,443.72,October,0.225881826
e842be8d-0a97-46f9-aaf5-0770a2081bc4,4/29/2023,Karen Huff,East,Home Decor,5,604.3,67.81,April,0.112212477
baf239b9-ebcb-41c0-9270-ff80ede013c6,10/1/2023,Donna Bridges,South,Home Decor,4,1845.21,103.04,October,0.055841882
527febc2-1577-4894-868b-c9599b09819e,9/6/2023,Jody Martin,North,Electronics,6,1392.71,156.38,September,0.112284682
a68f3d55-25c3-45dd-93ce-2f7b02af139b,1/23/2023,Jeffrey Noble,South,Clothing,2,1239.69,86.44,January,0.069727109
101c0d4c-b33f-4fa4-9cf7-f2d5067c6e85,9/17/2023,Todd Macias,East,Home Decor,5,1450.54,117.5,September,0.081004316
1b90c259-75fc-4303-a567-1f9857916b31,11/21/2023,Hayley Chaney,South,Sports,5,1817.37,248.76,November,0.136879117
729730bb-d684-4cfd-8dc6-8e119f4bb174,10/27/2023,Michele Reese,West,Home Decor,5,529.15,117.64,October,0.222318813
bf5057fe-bbdb-499e-9be2-6a9c4f0743b1,2/21/2023,Jill Olson,North,Clothing,8,221.48,19.9,February,0.089850099
d7c3ba60-f617-4e9c-bcad-ab1606378948,9/19/2023,Tina Henderson,North,Home Decor,5,604.72,94.85,September,0.156849451
324e04b6-1c4c-4545-b69b-4563506dec11,6/8/2023,Edward Hancock,East,Home Decor,5,678.09,121.65,June,0.179400964
56b69aea-ad2f-4073-bdeb-9011bbd09a1c,2/19/2023,Jennifer Burton,South,Groceries,8,534.34,101.42,February,0.189804244
fafd260a-c544-4df0-8080-c8261b259968,10/13/2023,Roy Webb,East,Clothing,1,1798.15,351.08,October,0.195245113
93f0e4b4-3871-48d4-a341-68653b6803ee,1/12/2023,Donald Jennings,South,Clothing,7,309.16,66.79,January,0.216037003
65698eaa-d4fa-426d-8451-ad86965f5779,9/30/2023,Brett Nelson,East,Groceries,6,1486.01,116.1,September,0.07812868
edf50d02-9a44-4f10-a074-662f5c6f76ca,11/14/2023,Ryan Sullivan,South,Sports,1,1844.96,109.79,November,0.059508065
552a41d2-6ce3-4daf-82ac-f2c98f7d7092,8/15/2023,Rhonda Stevenson,South,Electronics,10,909.39,51.44,August,0.05656539
1934c377-30ac-44c5-bd11-5920dfe68c51,4/11/2023,Brandon Thompson,East,Clothing,2,1176.33,280.64,April,0.238572509
0e15c9f5-bdea-40c1-8c19-b2c95b3146b6,6/23/2023,April Hanson,North,Electronics,1,667.16,35.38,June,0.053030757
14dfffd5-9d9f-4090-baf9-439753a34be0,10/15/2023,Christopher Medina,West,Books,1,1089.58,143.41,October,0.131619523
fcc6b950-1a04-4c3d-9d49-4ca5fc5a3263,8/11/2023,Alyssa Valencia,East,Groceries,8,1004.96,68.6,August,0.068261423
9131507d-92f4-4460-9a1c-1c2646bc0d80,6/11/2023,Dr. Samuel Ray,East,Electronics,10,1748.93,225.3,June,0.128821622
00539f73-8c59-4de0-bba5-ee17a94017f9,11/11/2023,Mark Gonzalez,South,Groceries,2,632.49,148,November,0.233995794
e3e57d42-0711-4067-813f-bafbc366453b,10/16/2023,Kathleen Bates,East,Sports,5,1673.49,339.99,October,0.203162254
c61925b0-181b-449f-8df4-5822cefb72a4,1/2/2023,Matthew Murray,South,Sports,10,1647.95,165.75,January,0.100579508
baa63bea-d536-4d0e-b58d-588bf6506f8b,11/22/2023,Timothy Casey,South,Electronics,7,1246.43,113.39,November,0.090971816
e1312ef9-10e8-480f-a9bf-c91d773cb93d,10/14/2023,Charlene Singleton,North,Clothing,9,1878.42,339.8,October,0.180896711
f2485045-1406-4aa6-9f66-22e9d6b2d1e3,12/3/2023,Scott Owens,North,Clothing,10,1023.59,195.2,December,0.190701355
272e1601-9259-4e08-9cd8-732215206eed,1/20/2023,Sheena Silva,North,Electronics,6,911.96,129.76,January,0.142286942
5f96c7b6-6e9f-4924-8b35-84ff1ff6cf93,11/27/2023,Brooke Bradley,West,Home Decor,10,1830.54,274.51,November,0.149961214
1ff99c18-3161-4725-8f59-c95d1a34e471,5/14/2023,Jason Mendez,South,Electronics,9,536.53,45.52,May,0.084841481
a0ebeb14-98a9-4933-a2ef-bf628a60b6d0,12/4/2023,Judith Snyder,East,Clothing,10,1414.14,329.59,December,0.233067447
1c0b6453-672f-4eb9-ae85-30d4af32a021,1/7/2023,Brenda Arroyo,South,Electronics,4,485.68,37.36,January,0.076923077
d7f0ab2f-aa37-4772-9d69-7cd0066213bd,2/18/2023,Crystal Wright,North,Sports,3,1084.53,178.42,February,0.16451366
5d67751a-30f1-468e-b154-bf5f53bab3ba,10/26/2023,Andrew Pena,South,Clothing,10,986.33,134.38,October,0.136242434
8b18570b-8643-44a8-af96-65b00cbb065f,2/14/2023,Evan Chapman,North,Home Decor,4,1575.17,230.81,February,0.146530216
7a5829c1-d315-48c9-93f0-b2f5968d1581,7/10/2023,Carlos Stanley,West,Electronics,2,562.61,128.95,July,0.229199623
ef57b8f6-e335-4539-a298-290e58f35cba,3/1/2023,Tammy May,South,Home Decor,6,1085.74,213.44,March,0.196584818
3ea2068a-56e6-48c3-a05d-9b49d9aec3c5,1/18/2023,Melissa Reed,West,Sports,3,535.47,58.5,January,0.109249818
a8411ab0-ba8c-40b4-845a-be0c9f93b32a,4/14/2023,Donna Walls,South,Sports,5,734.83,131.25,April,0.17861274
df038544-31fa-4177-8267-f803ae3fa2e5,12/28/2023,Edward Mccormick,South,Electronics,3,1196.46,66.91,December,0.055923307
02143e2e-79a0-4008-8043-feeedac826fc,1/7/2023,Patricia Ball,West,Groceries,10,1349.11,295.6,January,0.219107412
639c4462-3d69-462c-8f50-e84fa5d5d4ea,2/8/2023,Robert Kane,East,Groceries,1,1981.38,452.5,February,0.228376182
1980da38-d8cc-46b1-8151-c48bdc47f55e,3/17/2023,Janice Davis,West,Home Decor,4,1284.29,296.56,March,0.230913579
6213c727-69af-4564-b48f-2247dda6cb0b,4/20/2023,Scott Lane,South,Clothing,8,534.57,113.11,April,0.211590624
17db48e4-ba15-4c23-9495-d728ce68a5d4,6/10/2023,Samantha Cameron,East,Clothing,6,268.48,43,June,0.160160906
58f21de4-6963-4870-80c9-a8fefd0ca4fc,12/17/2023,Eric Jimenez,West,Sports,9,313.14,20.56,December,0.065657533
e7f90dce-0dba-4094-8608-927b5209b417,6/6/2023,David Wilson,North,Clothing,8,340.58,71.69,June,0.210493863
9c49815c-0890-4b58-975d-9659207945e3,5/2/2023,John Gilbert,South,Groceries,5,222.76,37.43,May,0.168028371
62edc378-ba8f-467e-99bc-bfa64fe97f7b,10/2/2023,David Phillips,West,Books,7,329.84,42.09,October,0.127607325
05f4f847-8e02-4dea-bdc9-dcb249c066d8,6/12/2023,Richard Smith,East,Home Decor,7,697.58,134.29,June,0.192508386
3ce40468-3420-4249-b9af-42132748ecf9,1/28/2023,Kayla Adams,West,Electronics,6,835.77,129.95,January,0.155485361
7ddf6984-05ea-4756-911a-f0c676be8137,4/22/2023,Angela Mercado,South,Books,7,1068.03,256.64,April,0.240292876
61ee7c76-f35a-4767-acd8-efb1dde06374,10/21/2023,Hector Golden,West,Electronics,8,1574.2,92.4,October,0.058696481
f63dd4de-01ee-4858-9bbe-90a0a4d4ee9b,9/9/2023,Raymond Taylor,North,Home Decor,4,1164.21,90.29,September,0.077554737
a752692a-f5cc-4378-8328-4f0537a87693,10/24/2023,Victoria Randolph,North,Clothing,4,1437.28,74.99,October,0.052174942
77aa0409-e7d6-45cc-8d1e-460c9ab97caa,1/29/2023,Kelly Boone PhD,South,Groceries,5,1348.9,240.77,January,0.178493587
1067b9cd-0dac-47b3-a876-8dbbcf923e49,9/21/2023,Cory Wright,South,Clothing,6,716.98,175.21,September,0.244372228
3de609e2-0747-42fc-9efd-4e7b20d04ce1,11/13/2023,Eric Martin,East,Groceries,1,1262.27,292.96,November,0.232089806
3a84b64a-0924-4960-abd6-9b414b2838a7,9/2/2023,Mary Hull,West,Groceries,3,1302.16,251.97,September,0.193501567
5537d063-c96b-4016-aff7-47ddd99dd5d7,3/9/2023,Scott Berry,South,Books,5,433.87,58.77,March,0.135455321
a4d5412d-60be-468b-a97d-97a61368b948,9/7/2023,Kyle Durham,South,Sports,10,1284.46,247.95,September,0.19303832
7922e937-2b56-4db2-b7e9-981d1b8df614,7/2/2023,Amber Knapp,East,Home Decor,3,751.33,155.9,July,0.207498702
15e65881-2bae-4e56-8fa6-5a066a07a3b5,9/28/2023,Peter Robinson,North,Clothing,4,530.39,83.83,September,0.158053508
effcbec2-de60-4410-911e-e3f029f9b835,2/8/2023,Mark Roberts,West,Home Decor,2,414.16,72.01,February,0.173870002
b2c6e2e2-3bf4-47b2-a6d3-0fca62f8237a,11/25/2023,Rhonda Cisneros,East,Groceries,3,1148.45,123.49,November,0.107527537
1acaa971-9fd6-495b-91ac-8823e847ca2b,2/13/2023,Cory Tucker,South,Home Decor,1,636.39,134.88,February,0.211945505
4106a055-44aa-4194-9a2a-6cb9687b6b0e,1/7/2023,Rhonda Johnson,North,Electronics,2,1350.95,83.74,January,0.06198601
bc8d821e-5a74-48f7-b504-bed816b8260c,5/7/2023,Kayla Gardner,East,Home Decor,4,1301.92,127.9,May,0.098239523
ae166679-a566-4968-8079-2f8a3fb6e8aa,11/4/2023,Vanessa Johnson,South,Clothing,3,536.37,49.51,November,0.092305685
4e18adf1-9e1a-424f-939d-fab382eaae3a,11/19/2023,Brandon Pena,North,Books,7,1832.59,455.71,November,0.248669915
6943216a-6507-443e-82c0-777ef0fd1659,1/15/2023,Kenneth Marsh,East,Sports,2,1018.77,135.45,January,0.132954445
c0fef09a-cd63-497e-994d-ecd0a83baf04,11/13/2023,Roy Mueller,West,Clothing,2,1280.05,251.68,November,0.19661732
8eeedc3c-2304-4c2b-8c36-3beb3038fd2f,7/12/2023,Rebecca Johnson,North,Books,4,458.99,50.86,July,0.110808514
44a2f730-d004-4247-855d-1cb21ef96294,4/15/2023,Crystal Long,East,Groceries,9,1841.39,460.11,April,0.249871021
ce8d3874-8f7a-4394-af7f-2069a74c1b1c,11/26/2023,Jennifer Jones,North,Home Decor,7,255.62,30.16,November,0.117987638
4aa970f0-a3f0-4dcd-ab88-fa94253b6e44,7/18/2023,Jacqueline Davis,West,Groceries,10,1216.97,286.04,July,0.23504277
3064f0fc-7fc0-41bd-b46d-43983144088a,11/3/2023,Stephen Garza,East,Groceries,2,1417.49,99.43,November,0.070145116
41617be9-3cdc-482e-8048-ab0b8b652d30,8/31/2023,Derek King,West,Home Decor,7,77.63,11.48,August,0.147880974
7c926c46-aede-40d5-836b-07d0fae54cb4,8/11/2023,Luis Taylor,West,Books,9,1877.09,231.82,August,0.123499672
67c3203d-eb43-4541-bb4e-05247b11568f,4/7/2023,Gary Sims,South,Electronics,1,819.74,114.75,April,0.139983409
8a5c4874-9fc3-4fc8-9847-0ea1392047e8,3/13/2023,Andrew Dawson,North,Clothing,3,1869.33,286.41,March,0.153215323
a4e115dd-d843-4b44-8165-035067db8350,11/24/2023,Maria Hall,East,Books,7,1514.85,153.35,November,0.101231145
82e02823-b040-43a1-8a90-fbbbc72d2b32,4/4/2023,Robert Robinson,North,Books,3,1627.21,406.17,April,0.249611298
d3a9fcd6-e4f9-4a2a-bd31-df968684f88a,9/30/2023,Margaret Ochoa,North,Books,10,1397.16,333.54,September,0.238727132
83f5df77-337b-4f8d-9e5a-83ede9e05c90,2/2/2023,Jonathan Wright,East,Home Decor,8,610.05,148.66,February,0.243684944
aa7fc4cd-a908-4744-bc56-b9dcb432df57,7/1/2023,Max Willis,South,Clothing,2,1120.89,139.08,July,0.124079972
ea04c35d-232a-4bb1-87e9-17260a51f913,7/30/2023,Amy Caldwell,West,Electronics,8,1328.9,175.2,July,0.131838363
92f94c4d-7726-451d-8626-d37d6121df84,9/10/2023,Andrea Edwards,East,Books,5,660.66,127.67,September,0.193246148
369f36d9-bfa2-4d08-b19e-df125bac72c9,8/27/2023,Angel Mullen,North,Books,8,488.58,69.47,August,0.142187564
d77bc9c9-30a0-492e-958e-f526841a8762,11/5/2023,Anne Hunt,East,Home Decor,9,1247.62,172.21,November,0.138030811
be7c18ea-65ca-4758-843f-5081577352bb,8/11/2023,Jeffrey Bryant,West,Clothing,9,70.57,16.6,August,0.235227434
3129c945-be81-45d9-8164-88c7ba3b8d14,7/7/2023,Angela Winters,West,Home Decor,10,1407.17,143.12,July,0.101707683
f1761eb2-efff-46e5-bc82-fa18a2501f76,3/16/2023,Brittany Diaz,South,Electronics,8,613.92,46.34,March,0.075482148
7164775d-fdda-4f24-8c4b-6a95c05bb264,9/24/2023,Jesse King,South,Books,8,1818.59,196.85,September,0.108243199
12531d5b-37b8-4200-a207-c8f5a2ab5123,5/8/2023,Kyle Howard,West,Books,3,505.64,47.28,May,0.093505261
934c7ac7-427b-4842-9344-900593572d51,5/17/2023,Nicholas Miller,South,Books,3,1990.33,124.53,May,0.062567514
f278d163-d312-4e5c-bea3-351de7ab1597,5/15/2023,Catherine Cruz,East,Groceries,9,483.51,79.15,May,0.163698786
782961fe-0b71-4354-9836-a8c6de5ddef2,1/1/2023,Sarah Hernandez,South,Clothing,5,869.57,102.59,January,0.117977851
57aec533-bda3-435a-a16a-2f5e764b3afe,1/9/2023,Kathryn Perez,East,Clothing,9,1439.42,246.99,January,0.171589946
ca9c48fc-5398-4758-9854-3999db726c5c,12/23/2023,Robin Hamilton,South,Groceries,7,1463.8,146.23,December,0.099897527
00eacf3d-21ce-45d3-a39f-bc2da8745175,8/19/2023,Andrea Collins,West,Sports,5,71.64,10.1,August,0.140982691
f09aea3f-232f-499b-b59c-c90aac7d6d40,3/21/2023,Sara Kaufman,West,Books,1,962.41,232.24,March,0.241310876
fb1a391a-9324-4a65-91b9-bef3ad454004,3/4/2023,Natasha Romero,East,Sports,7,1263.43,224.27,March,0.177508845
d3729728-a991-4652-b537-9dba0a99298b,7/16/2023,Brittany Russell,South,Home Decor,9,309.24,67.19,July,0.217274609
9dab2017-670d-4b4f-9ab1-1c748ea4a186,8/15/2023,Brian Harris,South,Electronics,3,531.76,64.11,August,0.120561908
9d14b3a5-e49f-4697-9fd0-091149633a4b,9/7/2023,Jose Trujillo,West,Sports,2,1852.13,105.52,September,0.056972243
5684a380-c907-427d-887e-a6b542ad26e9,11/17/2023,Kelly Wilkins,West,Groceries,4,1823.04,119.96,November,0.065802177
ea9f95b0-6a65-4aca-b076-12fa744fe6af,9/12/2023,Jennifer Mitchell,East,Electronics,3,347.13,50.66,September,0.145939562
65fbd916-cd68-4d5e-8022-e8913ef1fe17,10/6/2023,Brandi Wilson,East,Books,1,1265.86,109.25,October,0.086304963
3096610e-f6e6-4494-bd36-45fc7996cdd7,2/20/2023,Krystal Mcclain,North,Sports,9,1844.99,221.48,February,0.120044011
0bb1b53f-3c3c-48df-876d-221fa6581f79,4/14/2023,Thomas Gordon,North,Home Decor,6,1563.22,289.57,April,0.185239442
f2bb3e42-65a0-496c-8cdc-c2ce4bdfc579,10/12/2023,Emily Vasquez,East,Home Decor,3,952.81,186.34,October,0.195568896
d10e12bc-aa50-4678-9828-315dce253002,6/12/2023,Aaron Anderson,South,Electronics,7,1768.17,433.64,June,0.245247912
68dab234-f248-40b6-a38a-124309b521fc,2/6/2023,Nicholas Larson,West,Home Decor,4,1830.69,93.33,February,0.050980778
65fdb2b9-769e-4627-950c-d5de312ad634,1/6/2023,Anna Terry,South,Sports,9,1461.78,297.54,January,0.203546361
9af6b0ff-5326-4844-ba6c-b906ea4e5a2c,7/12/2023,Jacob Reilly,West,Electronics,1,427.5,50.16,July,0.117333333
30ecb60b-101a-41f3-9afb-681df870155c,4/23/2023,Shannon Duncan,North,Clothing,9,60.69,6.51,April,0.107266436
85d6df81-5625-4006-aff7-faf0db9a3043,5/11/2023,Adam Wells,West,Books,3,1886.83,398.38,May,0.211137198
94be8ec0-b1b1-4fe2-84ed-df6ea30e30dc,10/12/2023,Philip Spence,West,Home Decor,10,1364.31,141.37,October,0.103620145
88edd6d3-d9a0-490f-a961-95fa159a1f56,4/9/2023,Nancy Nguyen,North,Electronics,10,1832.29,183.99,April,0.100415327
2f889483-3c73-446d-a28a-7cc429a6bc74,2/3/2023,Maria Hall,East,Electronics,9,1895.48,194.45,February,0.102586152
4897a1d0-68c0-49be-8966-5aa519b0912a,2/6/2023,Walter Johnson,East,Clothing,4,1375.94,233.52,February,0.169716703
e609c17f-1364-4b28-b994-79d365ef945c,8/27/2023,Erika Garcia,North,Clothing,8,1630.14,224.51,August,0.137724367
f4d20476-2f16-4c5d-b87f-89969d91e4c0,7/27/2023,Matthew Ortega,East,Clothing,5,1033.31,131.8,July,0.127551267
23128102-1532-4479-bca0-d4f36fb69b0f,6/16/2023,Kyle Price,South,Electronics,5,1330.02,90.97,June,0.068397468
ce56ffbe-75bc-490f-88d9-88a1e8e32274,4/21/2023,Brian Gonzales,South,Books,6,1419.36,174.72,April,0.123097734
79cbdc6c-2b9b-42ad-80bb-b5f2cb658530,9/3/2023,Leslie Arnold,East,Home Decor,1,1872.99,253.75,September,0.135478566
3a77d7c3-2aa9-4516-a6c4-4ed2b5c2fec9,11/17/2023,Sabrina Garcia,East,Groceries,4,1146.24,183.09,November,0.159730946
81200651-598c-4b62-9edb-d437a375545d,9/24/2023,John Douglas,East,Clothing,6,1308.76,167.4,September,0.127907332
38df13d3-470d-49e6-a51f-d86c51c23926,9/2/2023,Lauren Stevens,West,Home Decor,2,861.89,130.79,September,0.151747903
29a60326-e904-4701-9ba8-3ae017d2ef1c,10/15/2023,Joseph Jensen,North,Sports,6,910.15,145.26,October,0.159600066
14a5238f-aabd-401a-8c97-2c86b8629d14,6/22/2023,Marcus Kim,East,Books,10,257.77,55.3,June,0.214532335
0c9e06be-7753-40d3-877a-cfbf6dcaf7bd,9/9/2023,Charles Mcintosh,East,Groceries,1,456.85,67.33,September,0.14737879
b6cdf678-c446-41fc-881a-ff3082d6d502,11/19/2023,Kathy Williams,South,Sports,8,1093.33,216.99,November,0.198467068
020da7e7-aef3-4182-bc42-940cb81a840c,8/10/2023,Rebecca Wilcox,North,Sports,5,333.41,42.28,August,0.126810834
72ce4878-4975-4699-a77b-4418ba1c28c1,8/8/2023,Scott Lambert,East,Sports,1,1961.98,163.12,August,0.083140501
0c9df307-1dc5-4c55-ac58-7b1721c41579,6/21/2023,Elizabeth Snyder,South,Home Decor,8,1340.27,100.76,June,0.075178882
36c3f9d0-8061-4530-93bb-05c53220a4a8,11/9/2023,Andrew Gray,North,Groceries,8,919.38,126.88,November,0.138006048
67d061c9-bc00-4167-9da1-e38f352bb050,4/22/2023,Kelli Stephens,North,Groceries,1,1557.01,228.59,April,0.146813444
eba6ec38-1e80-4c7b-bba4-dc0fa6e6a506,11/11/2023,Susan Whitehead,West,Groceries,8,282.06,48.2,November,0.170885627
cfd646bb-fa2f-4081-9914-c4d002cbc304,8/26/2023,David Collins,South,Home Decor,9,504.82,106.43,August,0.210827622
30878e29-0b31-489b-8ebb-c767692e0c14,12/24/2023,Kenneth Bell,East,Electronics,3,317.24,17.57,December,0.055383936
f9f602db-074a-4910-b19e-e3bc56d7027b,7/17/2023,Angel Hernandez,North,Electronics,6,1748.25,250.01,July,0.143005863
e6739bcf-1e21-439f-9ad8-54ae2673ba90,10/1/2023,Debra Chung,East,Electronics,3,1469.43,95.99,October,0.06532465
bcbb42fd-4620-4931-9436-88d79953ed59,11/12/2023,Sharon Day,East,Sports,10,1194.1,183.9,November,0.154007202
f5f11fc8-1a61-47a9-9f94-d967249984fe,11/16/2023,Kenneth Woods,South,Home Decor,6,1206.48,243.31,November,0.201669319
9279a4fd-ddc5-4167-8dad-92c220039df0,8/27/2023,Christine Fields,West,Books,4,149.32,15.4,August,0.103134208
0f3b07e3-9d7a-474c-bcb2-8b77f5d2e1e6,9/20/2023,Eileen Hernandez,West,Sports,2,364.43,69,September,0.189336772
4c17a70a-4329-4bd7-8422-f20ea4bd1afa,3/15/2023,Michelle James,North,Groceries,10,1725.16,303.17,March,0.175734425
942213c1-06ba-444c-a0bb-1747aebb8b34,8/5/2023,Christian Ibarra,North,Electronics,5,1877.23,417.46,August,0.222380848
0b3fa8b6-a276-4af8-8f18-d598e01b1b37,11/24/2023,Jeffery Rubio,North,Sports,5,1765.74,142.87,November,0.080912252
8c16567f-2647-41d7-a165-099277247d38,5/24/2023,David Davis,South,Clothing,6,255.63,60.44,May,0.236435473
54c57344-9888-44ee-9781-9ccc0f95e151,6/17/2023,Devon Thornton,North,Electronics,9,1145.55,167.21,June,0.14596482
74c88f42-3567-4412-b920-a9cb6916312b,6/7/2023,Chelsea Bailey,South,Groceries,5,1974.11,297.64,June,0.15077174
3866bdcd-656a-45b4-a557-53d930795b5a,11/8/2023,Jackie Ross,West,Clothing,8,1186.89,89.38,November,0.075306052
1a5f74d4-7783-4c20-8d3f-c6e0ca54448b,4/3/2023,Richard Brown,East,Books,4,1647.35,221.41,April,0.134403739
3987c9a0-d8d0-48c8-b04e-c17f35c44ff7,10/12/2023,Angel Roberts,West,Home Decor,2,515.73,45.48,October,0.088185679
13c8aca1-d8ff-419e-8596-bb33047ee7a0,2/4/2023,Teresa Herrera,East,Groceries,2,1167.21,83.66,February,0.071675191
77f141cd-3b6f-4ad2-aec1-b7b019bbf03d,12/20/2023,Eric Bender,North,Clothing,7,676.8,107.54,December,0.158894799
9e67de70-4d5d-447a-8400-31e4ad91c6ba,11/14/2023,Rebecca Meyer,West,Clothing,6,1381.8,182.33,November,0.131951078
5fb91518-8c12-4005-9422-666afcaf1285,8/15/2023,Chelsea Young,North,Groceries,3,1944.87,483.76,August,0.248736419
5fee0d78-8052-4e37-9ddf-c64818409419,6/25/2023,Mrs. Laurie Archer,East,Home Decor,1,839.89,60.77,June,0.072354713
02299f58-9071-414d-b4f2-ba8e32fa6380,7/14/2023,David Greer,East,Electronics,6,194.32,23.72,July,0.122066694
4cacbf66-db5b-4443-9d5e-ae5ca6c1c1ca,7/12/2023,James Adams,West,Home Decor,3,1795.85,438.4,July,0.244118384
f82e4074-f122-4a5f-83ab-743662a40ba2,7/24/2023,Shelby Bishop,East,Electronics,4,1678.82,297.57,July,0.177249497
5fd65f49-d329-4b13-ac23-4f140f4c96d1,12/27/2023,Tanya Zavala,North,Books,5,1452.47,261.98,December,0.180368613
880b6a4c-fcec-4c1d-9a04-4f6aaff41ec6,7/3/2023,Brian Gardner,West,Books,10,1166.95,262.2,July,0.22468829
30c97d34-7ae6-44a6-bec7-a123063aa9e2,2/26/2023,Robert Blair,West,Books,4,630.38,91.07,February,0.144468416
b2cbcafe-a5fe-4774-ab08-e349ce5000d3,10/30/2023,Christopher Robinson,East,Groceries,3,1378.48,209.05,October,0.151652545
9a66a840-e744-4888-b712-475429b75064,2/27/2023,Amanda Ross,West,Books,1,1053.49,109.01,February,0.103475116
7bc1a87f-8202-47b1-ab62-d41c065963f2,7/24/2023,James Spencer,East,Books,3,1163.23,235.76,July,0.202677029
32717896-0649-4c09-840c-4d58954af019,4/29/2023,Joshua Wilson,North,Clothing,10,1779.7,381.58,April,0.214406923
ab32b766-9273-4995-8a89-ad118646356b,8/25/2023,Anthony Cisneros,South,Clothing,6,1580.38,178.41,August,0.112890571
803c51a1-ea8f-4d1f-91c1-7a71520d9629,12/5/2023,Linda Love,East,Electronics,10,129.47,31.12,December,0.240364563
70ad6c34-5e31-4637-9a1b-62f84588d2ef,10/4/2023,Heather Hess,South,Clothing,9,282.99,66.54,October,0.235131983
183696c5-6aa2-488c-a946-a3a25d87a7c1,8/5/2023,Michael Johnson,South,Electronics,1,499.76,86.99,August,0.174063551
b858bd5a-c500-4f83-bcb3-4236de998467,9/11/2023,Stephanie Zimmerman,South,Groceries,4,1172.81,235.78,September,0.201038531
c5b893b0-4d36-461a-b332-c4eee98449fb,3/18/2023,John Johns,West,Groceries,9,1978.96,356.27,March,0.180028904
ca4b0329-c24f-43de-b527-39da3b592941,8/7/2023,Christopher Johnson,South,Books,9,1297.67,309.98,August,0.23887429
f696899e-22e4-46b8-b49d-6142ff3fae8c,12/1/2023,Robert Miller,North,Clothing,7,1400.92,308.23,December,0.220019701
d10a3909-2c29-4eb0-8301-072ef68866c6,6/16/2023,Ann Lee,North,Electronics,6,978.13,201.96,June,0.206475622
ca54e759-53bd-4ba8-9532-5a148642891b,1/28/2023,Randy Clark,West,Home Decor,2,342.38,54.79,January,0.160026871
2728806c-d70b-4671-a0b6-d54703fed939,2/18/2023,Lauren Martin,West,Sports,9,214.2,33.89,February,0.15821662
2df129b7-98f5-4381-8a6a-cd24c07b109a,3/14/2023,Daniel Mcdowell,North,Electronics,3,1670.7,110.92,March,0.066391333
84533b66-c3d0-4f99-ba72-a8e8b0cc68a0,5/7/2023,Jennifer Harrell,West,Books,5,56.8,11.26,May,0.198239437
25117440-e5db-4572-8aeb-6ac6d5637e42,3/10/2023,Michelle Stewart,East,Groceries,8,81.8,5.21,March,0.063691932
c246065a-c508-4c32-8210-a16d2d44a2cc,6/1/2023,Sherri Wilson,East,Sports,7,381.24,89.11,June,0.233737278
72fa5cfb-0b3e-4071-bd5b-624b4e5afa7f,3/3/2023,Mallory Conrad,East,Home Decor,4,1055.35,174.7,March,0.165537499
17107262-a5b3-45fe-8197-5cbb303a77db,6/1/2023,Sabrina Smith,South,Books,4,1598.57,265.27,June,0.165942061
2b919302-5633-434e-9715-558743568c9a,8/19/2023,Heather Beasley,North,Groceries,6,1331.57,191.26,August,0.143634957
b60d4fbc-1316-4fde-98ba-f495154ba146,12/16/2023,Lauren Mora,North,Electronics,9,1516.33,358.97,December,0.236736067
3f9a99c3-fa11-4c37-a620-6306370b8e58,9/9/2023,Kristin Case,North,Home Decor,6,1774.96,272.31,September,0.153417542
8ab5e1b4-54e5-4c7d-ba0e-272b83f5baf8,8/1/2023,Brian Gilbert,North,Books,1,1495.56,166.03,August,0.111015272
bd4ad557-d956-49ac-91f0-83160b70fda7,5/8/2023,Linda Perez,North,Home Decor,8,1851.41,111.51,May,0.060229771
cc106506-cf67-4bcf-aebb-192a584c1484,12/5/2023,Jeffrey Greene,South,Clothing,7,1891.11,102.56,December,0.054232699
306db017-a9a7-4c55-a50b-962113495931,2/16/2023,Ashley Norton,East,Electronics,2,1724.77,380.33,February,0.220510561
33130c57-3342-408a-8f57-e7701e12620c,3/28/2023,Maria Freeman,North,Home Decor,6,1023.18,251.58,March,0.24588049
adfdc3e4-31eb-4a37-bf25-5a1bb454d730,6/26/2023,Charles Manning,East,Groceries,9,1183.32,99.26,June,0.083882635
bc78f9bc-ab65-4a72-9d8b-c25277bb1ab4,11/7/2023,Daniel Young,West,Sports,6,1834.72,327.27,November,0.178375992
fe00e4e7-2ae4-4aaa-aea6-d7bfcac57b0a,7/27/2023,Julia Glenn,North,Groceries,4,1287.56,187.05,July,0.145274783
25d273d0-f1e0-4225-ba55-5244dd18313f,4/8/2023,Marc Stephens,North,Clothing,1,970.27,194.27,April,0.200222618
1fb63e69-206b-4e67-a4ce-14faa73a18a4,3/11/2023,Jesse Snyder,South,Home Decor,10,1848.42,185.44,March,0.10032352
7e273807-c8fb-4d3a-8dc1-21762880c285,5/9/2023,Colton Adams,East,Home Decor,8,968.93,223.74,May,0.230914514
5b4f5458-6523-423a-be96-3e96082aba19,1/28/2023,Kenneth Frazier,North,Clothing,10,1380.85,241.55,January,0.174928486
279b25b8-3ccd-433a-a998-c8c8155ba781,1/11/2023,Daniel Daniel,West,Sports,4,1284.81,267.31,January,0.208054109
d7d2b534-efb2-47cf-8aa8-31ba98fb539b,5/30/2023,Marilyn Martinez,North,Books,2,422.5,57.79,May,0.136781065
a53b304e-babc-4a6b-973d-d58bd78c5c69,5/28/2023,Joshua Reid,North,Clothing,1,1607.1,254.56,May,0.158397113
a6e77931-c1b0-443d-80af-956a930c68aa,8/26/2023,Jessica Vasquez,East,Electronics,1,124,22.89,August,0.184596774
99fc1f04-c9ae-426d-b1ce-beff18ff6914,12/13/2023,Darryl Villanueva,South,Sports,6,1980.38,153.73,December,0.077626516
27bace69-7a60-40a8-94fb-163012296f32,5/4/2023,Barbara Dalton,East,Sports,2,417.81,90.85,May,0.217443335
803fd85a-fcad-455e-bba2-cf1686863e50,11/21/2023,Scott Williams,East,Clothing,8,1860.82,356.15,November,0.191394117
549fb214-2ae4-471b-b91e-6fef2d58cc88,3/12/2023,Jason Reese,North,Clothing,3,1032.16,125.93,March,0.122006278
900a2b50-d358-4dfd-8797-0657e9350d7a,4/17/2023,David Thompson,East,Sports,3,223.81,52.98,April,0.236718645
4ae3696c-50e1-4dda-86c3-0047d7589cc6,8/24/2023,Michael Thompson,North,Groceries,8,1501.94,234.82,August,0.156344461
98dd12df-bf6c-4df4-935b-cb4849cff23d,1/8/2023,Jennifer Clark,North,Sports,4,1964.09,389.58,January,0.198351399
8e9a6a56-e6aa-4560-a18d-f6f5149f3972,7/2/2023,Lisa Romero,West,Electronics,4,1931.09,387.92,July,0.200881368
f7c7bec0-092b-4179-93fa-d41fb84b659d,8/26/2023,Jessica Hill,North,Home Decor,6,820.71,154.39,August,0.188117605
b88d3f79-a54c-4f21-b7d2-c9026490e67c,1/8/2023,Sandra Terry,West,Clothing,10,1760.51,269.7,January,0.153194245
5de95471-4d60-4cc6-82f9-91676a71a0e5,6/5/2023,Michael Watson,West,Electronics,2,1276.69,122.29,June,0.095786761
9abb8c14-5cf9-4d2f-991c-eddba5e45540,5/23/2023,Christopher Montoya,West,Electronics,1,1554.77,337.21,May,0.216887385
37d132f8-b63f-4da0-a7a3-bbc71b078fe5,7/23/2023,Michael Williams,North,Clothing,7,1093.09,86.71,July,0.079325582
baa227b8-b398-45d3-bda6-9555f78ef166,11/8/2023,Christopher Rodriguez,East,Books,3,128.44,18.78,November,0.146216132
066dee1e-a16b-447d-9bab-bdab0e1cae7a,4/3/2023,Clayton Gray,North,Home Decor,6,259.09,37.17,April,0.143463661
b1d0b55d-d0b6-448f-9002-19cc938eff47,11/19/2023,Julie Thompson,West,Electronics,7,94.19,12.52,November,0.132922816
449c8ebf-8215-43c8-844a-c09a7900f113,10/26/2023,Steven Scott,North,Electronics,1,387.58,95.69,October,0.246890964
16e4dd6a-125a-4749-89d9-2fac8332a100,7/23/2023,Heather Chase,West,Clothing,2,330.87,64.44,July,0.194759271
0ed58159-3a3c-4203-8520-b295855d36aa,10/10/2023,Angela Bowman,South,Groceries,4,1048.91,155.17,October,0.147934523
df40f5b5-4ddf-49de-94e3-d24c834a3646,1/26/2023,Peter Harrison,North,Home Decor,3,444.36,52.18,January,0.117427311
bebebbfc-089f-4b86-b99e-73e5a908a3aa,12/5/2023,Maria Maxwell,East,Home Decor,10,228.19,33.01,December,0.144660152
c8480078-64bd-46c7-9169-14f7539a42df,2/27/2023,Whitney Phillips,East,Electronics,4,749.59,103.51,February,0.138088822
88195c6a-f897-49c4-a92e-63ec54ab6b3e,6/14/2023,Christopher Jones,West,Electronics,3,980.16,98.23,June,0.100218332
dfdd8e2d-b13d-41f2-84cc-31aa5727ff52,7/4/2023,Margaret Faulkner,North,Groceries,2,777.51,131.58,July,0.16923255
bf7b6b3c-b1ca-41c3-8061-d029cb1d6d78,3/4/2023,Robert White,North,Sports,4,531.06,91.14,March,0.171619026
b2645654-489d-40b6-8057-b53792ec01d0,5/4/2023,Robert Leblanc,North,Home Decor,9,390.73,97.26,May,0.248918691
8bd1d055-efee-4b4d-8f55-7be2da4e2130,8/24/2023,Daniel Clark,East,Groceries,10,1874.56,108.21,August,0.057725546
af5c7404-9d2f-4ab2-83b0-41ae53efae0a,1/1/2023,John Larson,North,Groceries,5,320.52,16.62,January,0.051853238
eccc2372-b470-4ff7-b47f-a32ec3e0237d,3/18/2023,Alisha Barton,East,Groceries,2,249.03,23.25,March,0.093362246
de9ac8b8-640b-4b28-8322-b4ff856df911,4/12/2023,Eric Sanders,South,Books,3,1225.3,122.13,April,0.099673549
6714224c-f95c-4d47-bb5a-42576195ace6,2/1/2023,David Stewart,West,Books,9,1051.27,162.17,February,0.154261037
07323bec-29e3-4d71-9f1e-2cb74af1d4e7,10/29/2023,Guy Rios,West,Electronics,10,1820.7,335.46,October,0.184247817
261e1ad2-1ef0-4207-914f-8df656d1578d,12/2/2023,Jenna Walker,East,Electronics,6,1366.38,213.8,December,0.156471845
3ebd35fa-aa26-46d2-a7a3-1a9a3b9a6173,5/23/2023,Robert Schneider,West,Home Decor,10,1523.09,118.67,May,0.077913978
c06e8bcd-0fab-481f-b7b9-819de81807cd,4/4/2023,Mr. Matthew Peterson PhD,East,Groceries,3,978.7,93.81,April,0.09585164
b563146c-9cbf-4c64-8039-c71e00af620c,5/25/2023,Deborah Walsh,South,Home Decor,1,1148.11,264.77,May,0.230613791
d15d0716-f824-4ab5-a43d-fa155fdb1c8c,1/4/2023,Pedro Clark,West,Books,8,1873.54,313.97,January,0.167581157
d29f27d5-17e0-4c95-aa61-78a7cd8bc4a8,12/5/2023,Jane Wilson,West,Books,7,1795.85,207.99,December,0.115817023
b965f4c9-04dc-4357-b791-87f7a28e9420,3/31/2023,Richard Richmond,North,Groceries,7,1840,212.72,March,0.115608696
29974088-ba31-44df-84f1-0516485964e5,10/28/2023,Valerie Knight,South,Electronics,9,568.95,59.02,October,0.10373495
71d7ec55-c5b5-4451-8df3-b2326215b522,12/28/2023,James Jones,North,Groceries,7,1757.98,121.89,December,0.06933526
92644788-1a95-4ee0-9256-b4ee103eaba1,1/9/2023,James Lewis,North,Clothing,7,1051.64,203.12,January,0.193145943
5452dd38-61d0-4b6b-8974-021b353df269,7/28/2023,Ariel Hamilton,South,Groceries,3,712.2,89.03,July,0.12500702
9f493357-9b21-4b09-8119-eab1822adcfb,1/14/2023,Troy Coleman,North,Groceries,4,51.96,3.34,January,0.064280216
045a1c04-f0ab-4022-b67f-1513d73d4e0c,10/28/2023,Adam Mitchell,West,Electronics,10,895.92,188.1,October,0.209951781
4db8f463-3ed2-425d-84cd-88919e4f55e5,4/30/2023,William Walker,West,Clothing,3,1815.2,331.97,April,0.182883429
b70b67bd-5c00-4d95-a37a-d445abe757d2,8/7/2023,Ryan Haas,East,Home Decor,8,1294.67,222.7,August,0.172012945
d7e9e3c2-6f37-456f-885e-f7bb94952b3b,1/5/2023,Andrea Tate,North,Home Decor,5,152.56,11.18,January,0.073282643
43a0944a-e13b-4a75-9ec8-d0b94cf2032b,7/23/2023,Jill Ross,East,Books,4,933.54,168.64,July,0.180645714
5afd108b-7629-4eef-95bb-9c97549cab97,1/9/2023,Nathan Mejia,West,Electronics,3,1220.5,225,January,0.184350676
ec73711d-ed30-4a7d-bd3e-ea80c6ef6bff,6/23/2023,Jessica Chang,South,Sports,1,707.99,63.4,June,0.089549287
6b1190ef-e8cf-4812-ac57-53187ba55437,10/28/2023,Cody Andrews,South,Clothing,1,1367.17,274.88,October,0.201057659
732a05fe-3d1f-4719-8844-7e643e62c557,12/5/2023,Matthew Kennedy,West,Home Decor,4,125.36,25.5,December,0.203414167
85917820-10ac-4fc9-ac8d-c105c217fb0d,7/3/2023,Jennifer Watts,West,Books,7,350.31,84.28,July,0.240586909
3fab9169-5410-4fe9-aca3-110c29438b5b,1/8/2023,Dawn Wagner,South,Home Decor,6,1845.42,256.98,January,0.139252853
5e688624-a0ea-4d77-bda6-574018e72189,10/10/2023,Andre Kidd,South,Electronics,5,1862.05,422.22,October,0.226750087
b3a97280-a27f-4e23-aafc-fb1895b57021,11/18/2023,Jared Garcia,West,Sports,1,1303.98,112.59,November,0.086343349
6c8719b3-1397-4b03-a56b-91222f564b52,2/5/2023,Jeffery Simmons,East,Sports,10,1700.26,416.74,February,0.24510369
336287c5-6717-40f2-8169-460f6224e485,5/7/2023,Vickie Stewart,West,Books,6,1617.55,268.51,May,0.16599796
ac61c15b-6b46-41e6-a096-93abb427f0e6,2/6/2023,Chelsea Smith,South,Electronics,2,1738,98.85,February,0.056875719
e5d3fd8b-4402-47c5-9371-9155ec2b3b43,6/2/2023,Katherine Anderson,East,Groceries,10,698.25,38.22,June,0.054736842
132c80e8-2d2a-4083-84d4-f727a77d3e06,3/5/2023,Kirsten Hall,South,Home Decor,5,184.05,9.45,March,0.051344743
a9771794-bc44-4121-8e50-ae44e08b0d97,5/29/2023,John Thompson,West,Sports,6,322.29,69.83,May,0.216668218
33c71c2c-29bc-4aad-8c70-3c63ca60523b,5/31/2023,Shannon Martin,North,Electronics,3,1022.8,187.24,May,0.183066093
92c2674a-70b2-41be-94af-bd7782475b36,2/13/2023,Edward Mcdonald,South,Clothing,9,401.21,57.42,February,0.143117071
61203611-9d11-4fa0-8458-57ef98144476,3/21/2023,Steven Cowan,East,Electronics,9,1739.14,296.22,March,0.170325563
b7f7b36b-68bf-46b1-a822-064740162ad0,2/10/2023,John Price,West,Groceries,6,446.89,75.45,February,0.168833494
ac48ca59-c95c-4b40-81e3-e1ba88a04d54,7/29/2023,Samantha Wilson,West,Books,10,1716.97,227.9,July,0.132733828
66f136ea-8919-4f68-8b62-4c5a23866906,4/9/2023,Jeff Turner,East,Books,7,1024.15,216.17,April,0.211072597
408e1b98-82da-4e1d-9995-ab9b9715dd88,5/30/2023,Philip Black,South,Groceries,7,176.93,32.49,May,0.183631945
917429b0-9773-4ac7-97b1-a69b171ceff1,4/1/2023,Samuel Ayala,East,Clothing,4,990.08,207.04,April,0.209114415
3c6a7d4a-384f-4130-a288-137e2889d205,5/22/2023,Ricardo Robbins,West,Groceries,4,1644.73,103.34,May,0.062830981
ca2e255f-ec5a-45f4-9cc6-bc683e2d31cf,9/21/2023,Erica Green,East,Groceries,7,1150.45,217.91,September,0.189412838
50a71276-6721-47de-afba-002251a437a8,7/21/2023,Travis Sanchez,West,Sports,7,622.6,33.77,July,0.054240283
533d5a4b-8804-40cf-96f3-c7a4be8b9fbe,1/29/2023,Eric Morris,West,Books,4,1935.54,218.03,January,0.112645567
fe80379c-de4d-4f15-98d9-222877e4b1c1,1/12/2023,Kim Delgado,South,Books,5,567.8,83.64,January,0.147305389
e46d4b78-d058-4a2e-ad3e-176c691fc182,12/25/2023,John Smith,South,Home Decor,5,245.39,57.31,December,0.233546599
bd025676-d187-4bae-a01d-1ab7f00a5cc4,2/13/2023,James Mccarty,East,Clothing,4,1188.41,137.71,February,0.115877517
90afee6c-8910-4771-b09a-e37f8790e11d,7/26/2023,Randall Stokes,North,Home Decor,6,442.56,65.37,July,0.147708785
36f185c0-9e7e-4fa3-8afe-4d5f0f82e007,11/17/2023,Jamie Grimes,West,Electronics,1,650.04,142.62,November,0.219401883
a7f1866f-081f-4b40-bada-2270b8ed5f6c,9/1/2023,Donald Benitez,North,Groceries,9,1885.24,179.12,September,0.095011776
cb5a3c23-291d-4460-b304-6f32bfe50d00,6/29/2023,Brandon Johnson MD,North,Books,10,350.87,46.2,June,0.131672699
6a213901-6621-4df0-8814-978dcb1bc73c,5/9/2023,Ryan Richardson,West,Home Decor,9,285.47,61.41,May,0.215118927
b6719865-bbcf-43c4-8e83-1ee851b187c5,12/8/2023,Richard Spence,East,Sports,8,160.71,15.97,December,0.099371539
243974b8-7391-4b53-8c95-b40fa2a2904c,9/14/2023,Maria Hopkins,South,Sports,1,500.17,39.74,September,0.079452986
066db941-5f7d-4765-831c-827638e4b0ca,11/19/2023,Mrs. Jennifer Wilson MD,West,Electronics,8,990.19,120.24,November,0.12143124
0b83685d-5a25-4c72-bac2-4b3581d367fa,2/10/2023,Kim Potter,South,Groceries,8,1122.88,109.36,February,0.097392419
ef75ecd4-9862-40ed-9d59-adb345e0dcc1,12/16/2023,Susan Bradford,North,Electronics,10,1273.23,127.66,December,0.100264681
ef0567a9-1816-4478-b9fe-5c7c1946e351,12/17/2023,Stephanie Reynolds,East,Clothing,3,1605.04,105.1,December,0.065481234
8e534a4f-1daa-4fb9-ae3a-3c511d6038f5,3/3/2023,Shannon Reed,East,Clothing,10,827.51,187.83,March,0.226982151
e8f46e01-a1a2-4ea2-af6b-3ccecf2a2f32,9/11/2023,Stacy Turner,North,Clothing,8,427.38,89.26,September,0.208853947
1f0d3601-2ce4-4400-89bf-1bd23aaadbe6,3/8/2023,Sandy Hernandez,West,Groceries,5,532.08,98.91,March,0.185893099
6d89f8a4-e5a6-4ddb-a79b-ce42c7faa6d9,7/20/2023,Lisa Sutton,North,Clothing,9,1543.29,278.87,July,0.180698378
24399726-ebfb-4364-952f-f3b3594285f4,2/13/2023,Rebecca Hall,North,Home Decor,1,1393.86,287.83,February,0.206498501
49f2203b-73dc-4dab-88a0-be3571b258f3,4/2/2023,Stephanie Barton,North,Books,1,1581.52,323.56,April,0.204587991
6f24c622-49a1-4c2f-920b-e1c5e1e50327,6/25/2023,Brandon Adams,North,Clothing,4,1600.44,255.95,June,0.159924771
6ecb921c-4932-4bfd-a6d3-e72839739c23,8/21/2023,Jacob Allen,East,Home Decor,5,500.12,37.18,August,0.074342158
be76feab-3fe3-4ef9-9234-21832eefb25b,5/15/2023,Amy Wallace,South,Electronics,2,936.33,48.4,May,0.051691177
40bac9ed-ea7b-4bf7-af02-962f5a8fc640,4/13/2023,Erin Sanders,South,Clothing,8,1058.76,136.97,April,0.129368318
b0722388-9e49-4a7d-ba98-a30aaa042f31,12/29/2023,Kaitlyn Blanchard,East,Books,3,871.32,106.45,December,0.122170959
b40e7dfe-e5eb-46a9-8906-091fbb547279,10/23/2023,Jennifer Garcia,North,Home Decor,2,919.93,175.48,October,0.190753644
8fe5be89-9e59-4705-b7a6-472f3ac0eae6,11/28/2023,Albert Bass,North,Home Decor,3,1498.88,248.58,November,0.16584383
5afc9598-5e03-46b7-9b4d-45c9694a753c,2/26/2023,Anna Black,East,Clothing,1,60.23,11.6,February,0.192595052
0a3f0b9b-0675-4928-aa0f-9f4208cda9b5,5/25/2023,Eric Swanson,South,Electronics,3,894.2,50.6,May,0.056586893
6994b61b-f09b-4ebe-a1a4-4843aba7c29a,7/14/2023,Joshua Rush,South,Home Decor,8,656.98,145.65,July,0.221696246
264fa1b5-3075-406d-a32c-ef27272223bb,6/2/2023,Jennifer Douglas,West,Books,5,1566.62,97.14,June,0.062006102
03b5bf09-8654-4444-893a-da90babc888d,8/22/2023,Jennifer Moses,North,Sports,10,1125.91,238.03,August,0.211411214
24bf82d7-28ea-4906-bd05-e7c449b0ef3a,11/19/2023,Denise Ortiz,South,Clothing,9,463.49,49.4,November,0.106582666
d65e5de6-4120-47c5-bce5-af5d4f351d34,9/9/2023,Robin Watson,North,Groceries,2,1388.72,254.85,September,0.183514315
360417d2-0edb-426b-af6d-44d808c72ec6,11/2/2023,Alexandria Rodriguez,South,Electronics,6,844.72,126.62,November,0.149895823
256a483f-e970-4808-8f34-79eb9e920681,2/19/2023,Bradley Nelson,South,Clothing,7,566.48,74.38,February,0.131302076
7a104917-2b53-4a15-b668-1492817fb15d,12/10/2023,Jennifer Johnson,East,Groceries,2,1015.16,61.05,December,0.060138303
cf75d1b2-a462-4ec9-b0a1-ac36afaaf44c,1/1/2023,George Kim,North,Home Decor,10,1427.98,284.76,January,0.199414558
035439f5-fc93-40ad-8261-2c21d346ceb3,6/27/2023,Marilyn Cook,North,Books,5,1175.64,228.23,June,0.194132558
6546a0ea-2119-4b37-abf8-efdb6266287a,12/26/2023,Laurie Lopez,South,Books,4,1695.39,409.83,December,0.241731991
69005272-0cd7-480d-ae3c-3cfa3cdacb1c,1/15/2023,Keith King,South,Electronics,1,109.84,6.77,January,0.061635106
7d8c3b75-0528-4e90-bd21-0213b91136d1,6/9/2023,James Russell,South,Electronics,10,541.04,108.68,June,0.200872394
11c2588b-bd5d-40b7-9287-22c8c7aadf03,3/27/2023,Shawn Miller,North,Home Decor,10,565.1,89.01,March,0.157511945
795d36bb-24ff-4360-8fcf-929f2f33c837,5/19/2023,Tony Miller,North,Sports,5,684.51,161.19,May,0.235482316
ef1e2e31-1319-4f9f-b63d-00585cb9b33a,4/4/2023,Darren Obrien,North,Sports,9,683.09,101.38,April,0.148413825
3f55acb5-645a-4ab5-9fed-00531f16cd2c,4/9/2023,Laura Crawford,North,Books,5,585.88,99.29,April,0.169471564
91f8d1c6-7eee-4b21-b61f-8d9035f690e9,11/23/2023,Clifford Kennedy,North,Books,7,1446.28,104.9,November,0.072530907
5d7f0764-2518-47e8-b9de-2a76ce3ef9d1,9/16/2023,Jessica Donovan,East,Groceries,5,1105.06,70.4,September,0.063706948
406e0a06-04c9-4c1a-b8f5-11d919e05916,8/5/2023,Diana Fuentes,East,Clothing,10,808.09,189.61,August,0.234639706
09efcedc-e5ee-41bc-881f-3a4cefdc9584,3/12/2023,Elizabeth Gonzalez,West,Home Decor,3,1110.67,204.02,March,0.183690925
bf76f7c5-81f6-4e9a-bea3-40257482af7f,2/2/2023,Monica Kent,South,Sports,10,1092.69,184.09,February,0.168474133
966d3047-f8d8-40c2-a1f2-f77de8ebc38d,1/23/2023,Peter Smith,East,Sports,2,882.34,120.86,January,0.136976676
d7dd38ce-1e31-4b8b-9f65-43e4924de011,1/11/2023,Todd Smith,South,Electronics,8,1747.71,183.17,January,0.104805717
e27f71fd-3bb3-46c9-aed6-165855ec696d,8/3/2023,Madeline Tran,South,Sports,9,1918.83,130.31,August,0.067911175
790404d6-7d92-4196-8c43-bc4607750580,1/17/2023,Susan May,East,Books,9,1045.81,116.58,January,0.111473403
f43ab914-68db-4eba-bada-c4a85c22c91e,1/23/2023,Sierra Blevins,North,Books,7,238.07,27.57,January,0.115806275
da516fed-2cb4-4e96-a989-92c97e2b6682,10/22/2023,Angela Holmes,North,Books,5,1878.28,271.06,October,0.144312882
950fd652-05d6-4d26-a4ba-6148f3aed477,7/29/2023,Ariana Tanner,North,Clothing,5,322.6,25.96,July,0.080471172
52a6c2cd-bce3-44b2-9555-b6d579546a17,3/1/2023,David Collins,South,Books,6,1044.65,183.8,March,0.175944096
7daae99c-df4e-4a0c-83d9-5fe5875a7333,4/20/2023,Benjamin Chang,West,Books,9,1194.86,253.31,April,0.211999732
7e627fd8-ea8d-4075-9e7b-629493bbaa28,4/1/2023,Amanda Foster,North,Clothing,4,417.05,52.99,April,0.127059106
c1297e8e-34cf-4d5d-9117-6e9b5fa70396,7/16/2023,Michael Rasmussen,West,Groceries,4,572.97,36.23,July,0.063231932
ebf7b844-3a38-4781-aabc-a6a0500fa045,1/17/2023,Alicia Rivera,West,Groceries,10,255.48,56.13,January,0.219704086
55cb195c-9c19-4ff3-a6df-b3f39713b6a6,8/2/2023,Gary Hernandez,East,Home Decor,5,54.96,8.44,August,0.15356623
a28ab605-5dbd-4c9a-8175-47886d7f362d,3/26/2023,Paula Bell,South,Groceries,5,187.64,32.74,March,0.174483053
60986886-ff8f-4747-8a09-35b402d0f485,9/29/2023,Jacqueline Rogers,East,Books,9,768.54,119.45,September,0.155424571
ce0c6aca-bf28-4e4f-a327-bbde83dbcc95,12/3/2023,Janet Monroe,East,Sports,10,881.55,152.88,December,0.173421814
9cedd191-fd88-40c4-9e59-a2d9b540bbdd,8/2/2023,David Phillips,North,Books,5,644.85,134.69,August,0.20887028
6fcbdfef-68e5-417a-8345-2a22656f30e6,11/3/2023,John Baker,West,Sports,6,474.68,112.9,November,0.237844443
17dd4ab3-cea8-41da-a9ab-3ba44399d202,6/16/2023,Sean Williams,North,Books,7,754.96,126.85,June,0.168022147
4b1e0d78-8ae8-4f4f-8b9f-8d7989828bd1,8/25/2023,Lisa Bailey,East,Clothing,7,641.12,66.02,August,0.102976042
15754246-e7db-4858-bc2e-a7ff788adb38,8/6/2023,Jessica Wright,East,Groceries,10,679.15,91.79,August,0.135154237
55f1c7f3-acb3-464b-8b2b-083950b3940c,12/26/2023,Kathleen Jackson,North,Groceries,1,1332.41,293.89,December,0.220570245
26daf4e3-6684-4eb9-97a1-59083a37beb3,11/21/2023,Emily Obrien,North,Sports,3,335.14,56.3,November,0.167989497
14795432-14d7-4c50-9f34-d0a0afba4179,4/2/2023,Vanessa Smith,West,Electronics,10,83.03,9.53,April,0.114777791
212da1b3-6a02-4c75-a028-332f9a0ede79,3/11/2023,Paul Wolfe DVM,North,Home Decor,9,1783.36,141.2,March,0.079176386
fb3762f7-9e74-4de9-822a-28414de33282,2/2/2023,Valerie Hardy,North,Sports,4,673.74,152.59,February,0.226482026
b88b1b71-1d45-4d56-9038-da1ada87a623,8/17/2023,Mr. Matthew Harris,South,Groceries,9,198.48,36.78,August,0.185308343
91bd3fdf-c4cd-4d57-b59b-05fa3ed3bfbf,5/27/2023,Charles Harris,East,Books,7,1731.77,162.98,May,0.094111805
a5a71d49-a22e-43c0-8f70-8e4035c8e688,2/11/2023,Lauren Lynch,East,Clothing,3,1369.27,151.16,February,0.11039459
cf2f1dd4-10e1-4c52-b35e-ab188709d316,1/28/2023,Jennifer Barnes MD,East,Electronics,9,1343.8,322.54,January,0.240020836
bfcc6553-148a-43d2-ad09-5b96d80b9ba8,6/1/2023,Christopher Anderson,South,Books,4,1548.44,173.22,June,0.111867428
518f5a8c-8dab-44d2-8143-ddd7e251da17,10/4/2023,Stephen Swanson,West,Clothing,4,1027.03,170.97,October,0.166470308
9489cd28-78aa-48cd-9063-245b63c8393e,8/15/2023,Curtis Lynch,West,Sports,4,582.7,55.74,August,0.095658143
5cc9a822-4d37-4593-9d48-6bf1914ca75a,10/22/2023,James Hardin,West,Electronics,8,1806.54,402.24,October,0.222657677
5219d5c3-ed87-4e84-8d88-d35691eb585b,1/7/2023,Richard Patrick,North,Groceries,4,1832.22,240.72,January,0.131381603
a2672c74-7789-4b37-a7a5-c9c1b5afbee9,2/18/2023,Kimberly Allen,East,Groceries,4,722.46,65.36,February,0.090468676
57867969-4915-4d8e-bec9-36458bcc380f,7/2/2023,Cynthia Smith,South,Clothing,8,1731.95,189.03,July,0.109142874
8eeec716-85d9-4c1b-ab4f-425e335a1391,11/8/2023,Gary Ross,West,Electronics,1,563.43,42.4,November,0.075253359
01987d27-23dd-4c7f-8727-5eca74424556,11/25/2023,Jennifer Brown,North,Books,1,1553.89,89.35,November,0.057500853
41c05eab-71d1-4f7f-9151-7caf91c81918,3/13/2023,Mary Rios,North,Books,7,1498.51,159.9,March,0.106705995
c0d636e5-69a2-4add-9346-263c39a87c03,11/15/2023,Virginia Harrington,South,Books,4,616.29,37.38,November,0.060653264
3e0af3ee-84ef-4608-a237-f217cd91d316,5/10/2023,David Spencer,North,Groceries,8,1851.38,332.01,May,0.179331094
a6fed2af-61e1-4d8a-b2da-3dc4cbf47a47,6/19/2023,Michael Baker,East,Sports,8,1869.93,180.26,June,0.09639933
775e9378-f674-43f9-b125-4b023b547015,11/9/2023,Cheryl Garcia,North,Electronics,5,680.78,119.8,November,0.175974617
6a54b593-368f-4052-8f38-b308ebc1f2ec,2/28/2023,Darius Carrillo,North,Sports,3,1001.99,58.17,February,0.058054472
920a9b43-96b9-4d63-aa51-9d7e79c4e17b,1/26/2023,Tiffany Perry,North,Sports,1,150.51,26.77,January,0.177861936
0cb06a3d-1ba6-4672-9517-2ac2baf0c1ee,6/17/2023,Sierra Thomas MD,West,Sports,8,1244.88,133.47,June,0.107215153
45e1218b-b327-4faf-89a5-b1d097df2b95,7/16/2023,Connor Carter,South,Books,6,1489.62,157.56,July,0.105771942
d24e2e20-e19c-4f3f-9ae4-e050ac658631,12/25/2023,Melanie Smith,West,Electronics,7,1701.81,269.05,December,0.15809638
e1f0c5f4-9042-4063-af4c-f935cbac8973,3/12/2023,Morgan Oconnor,West,Books,1,1404.54,272.97,March,0.194348328
09f5f7ab-a79f-40a2-b602-84d2a428231e,4/12/2023,David Murray,West,Groceries,6,212.4,25.73,April,0.12113936
f81255fb-4d0e-4725-b837-0ac908c61717,5/29/2023,Katherine Ramirez,South,Home Decor,8,1168.33,173.94,May,0.148879169
cd941163-cdfc-4d83-b5a9-2150349afde3,8/5/2023,Maria Lopez,North,Books,4,766.27,100.66,August,0.131363619
68506ee8-9c3b-49c1-a95a-e987f1cbd66e,3/16/2023,Michelle Collins,North,Groceries,5,961.18,59.72,March,0.062131963
6c1242b5-7d11-4172-a555-a8cdd85c3dab,1/21/2023,Timothy Guerra,East,Home Decor,5,1795.61,215.72,January,0.120137446
8339f035-8252-4a36-9421-1554e2feb8f2,7/25/2023,Kevin Wright,East,Books,1,1009.62,123.79,July,0.122610487
70fdd411-9ac6-42ea-ace1-f5ef637ab4d9,8/4/2023,Cassandra Boyd,North,Sports,6,464.88,44.89,August,0.096562554
a01c8a3d-dada-492c-93aa-11ae8bdd2c84,10/10/2023,Monica Weber,South,Groceries,10,1783.54,140.56,October,0.078809559
e54c7181-26c5-4436-92a8-68bda1109cd1,5/21/2023,Michelle Aguilar,North,Home Decor,4,362.31,37.4,May,0.103226519
d8a40e6b-64a2-464e-b6aa-9141c0974b3b,8/31/2023,Kristy Morrison,East,Books,10,416.36,82.61,August,0.19841003
655ff99f-4a8b-4fae-a209-31c36fb688bb,1/10/2023,David Mason,South,Sports,5,178.79,10.48,January,0.058616254
189628c5-4d8c-4f7a-a7bb-345f76883842,4/5/2023,Mary Smith,South,Groceries,5,1509.31,214.31,April,0.141992036
0529817d-446d-459e-b5c2-c5dc51ccfaaa,1/5/2023,Joseph Erickson,East,Groceries,4,503.67,37.17,January,0.07379832
9b909128-fd16-4e4b-af55-e84400e47cd6,6/5/2023,Shawn Myers,South,Groceries,9,304.82,52.37,June,0.171806312
141e39e7-911f-493c-850a-0e6901fcbf68,11/13/2023,Ronald Romero,North,Groceries,2,260.65,63.4,November,0.243238059
5c80560b-3bb9-4a4b-b803-fff38f9b0bda,10/6/2023,Alyssa Norman,North,Groceries,2,1939.22,468.94,October,0.241818876
67b05c96-69b3-4bfd-a0ff-1e50ce441882,6/21/2023,Alexis Fuentes,North,Sports,10,479.06,107.66,June,0.224731766
5af28d3d-76a9-458a-a805-56353869f1d5,7/23/2023,Rachel Torres,North,Books,4,526.44,126.79,July,0.240844161
0ffd10c7-b55b-4aff-bf32-98e135737a48,7/7/2023,Christine Rogers,North,Home Decor,5,649.57,127.63,July,0.196483828
55d925ca-19d2-4870-8b4b-99823ab88289,12/27/2023,Amy Roberson,North,Sports,8,756.81,181.93,December,0.240390587
5c2d6845-8d46-4211-9d85-171ab3504b38,11/1/2023,John Deleon,South,Home Decor,5,1497.51,271.77,November,0.181481259
ac8a20f1-ab44-4e10-9fd5-239e77f6cf4e,10/24/2023,David Hamilton,East,Electronics,3,1475.66,201.47,October,0.13652874
53d6faeb-daac-4e0c-8983-73fa11029ff4,6/21/2023,Scott West,North,Electronics,7,493.37,100.88,June,0.204471289
b0537fbb-2bcd-4cf3-adfc-297ac2888198,10/27/2023,Paul Holloway,North,Clothing,5,1939.6,158.83,October,0.081888018
1873e7f0-34e1-4e49-ad2e-1422a7ba2d5f,5/14/2023,Robert Ball,North,Home Decor,10,891.49,150.29,May,0.168582934
071afe4a-cb6e-45e8-88bf-8fc4ddc94bc1,6/8/2023,Jason Clark,South,Sports,1,1107.12,169,June,0.152648313
d2c68435-d8cf-49e5-9ac0-7fc59398ded8,12/27/2023,Robert Davis,South,Groceries,4,877.42,138.47,December,0.157814957
211d73dd-43e6-4fc3-82e2-54b3d72f4c94,6/29/2023,Chelsea Murphy,West,Groceries,3,1410.23,102.57,June,0.072732817
485184e3-f6b5-4674-8d0c-61fd4700feb8,2/27/2023,Donna Brown,East,Books,4,288.66,15.58,February,0.053973533
6910124a-603f-48f0-9549-cdeec30b4d6d,11/13/2023,Debbie Jones,East,Home Decor,9,997.53,224.28,November,0.224835343
f1104875-4eb4-4ad4-92c6-cedf29e672e4,7/29/2023,Mr. Nathan Ramirez Jr.,West,Groceries,4,948.73,53.04,July,0.055906317
877cac55-aa0d-4271-8e65-e7256591e4b8,8/13/2023,Patricia Moore,West,Home Decor,3,953.89,107.48,August,0.112675466
b54d83e5-9e24-4b8e-a68b-25f6f005398f,4/3/2023,Tyler Mcintosh,West,Sports,8,350.53,77.41,April,0.220837018
dce83f15-92fb-4636-8c0f-e4e7d03a354e,2/16/2023,Heather Ryan,West,Home Decor,8,1593.71,159.44,February,0.100043295
9aaacaa8-9bec-41a0-95bc-cf5eb9d2aef5,9/4/2023,Mark Padilla,North,Books,2,1160.49,112.4,September,0.096855639
ad645c15-acb7-4fb8-a022-f3b7c3c06d98,6/6/2023,Rachel Harmon,West,Sports,3,414.35,38.32,June,0.092482201
cc728558-f887-4123-b263-dd1133f232a2,6/21/2023,Kenneth Peterson,South,Home Decor,4,1587.78,277.17,June,0.174564486
81e1ec3f-582b-443f-9f55-260f938e0f3e,10/20/2023,Ralph Castaneda,North,Clothing,10,345.46,78.48,October,0.22717536
61398e30-8802-43b7-b2a5-b075b4fecb14,3/18/2023,Danielle Hernandez,West,Groceries,9,1669.4,381.85,March,0.228734875
7f119389-daac-4c58-a266-74c0d848d32e,2/4/2023,Kari Lopez,South,Electronics,7,1353.09,113.41,February,0.083815563
b71ee27c-e595-468f-8a4d-d54b46828f04,12/4/2023,Michele Hammond,West,Electronics,10,1337.89,223.1,December,0.166755114
6a61fa34-bde9-4b9e-91f9-27461c4e5303,3/10/2023,Samantha Singleton,South,Groceries,7,472.43,41.14,March,0.087081684
077e3249-9935-448d-a99f-469eb723b681,12/20/2023,Cassandra Richardson,West,Groceries,6,1117.57,206.64,December,0.18490117
4afafa7a-ab9d-475a-9360-282d9d5dd3b3,3/6/2023,Harold Morris II,West,Books,8,147.96,20.59,March,0.139159232
897ad387-171c-491a-93f0-c3c9c20da5bd,10/6/2023,Dr. Whitney Vargas DDS,South,Sports,9,1075.29,254.93,October,0.23708023
bbd5ba6e-b27e-4d4f-a736-a84f178ed5d7,11/5/2023,Amanda Foley,East,Books,9,457.82,107.84,November,0.23555109
81ba4be9-06e2-4c3e-aba8-83035c51399e,6/25/2023,Christy Rivas,North,Groceries,9,1080.03,88.25,June,0.081710693
6272e2af-9212-4ff1-9fa1-c6c982ebd772,9/8/2023,Nathan Griffin,East,Clothing,8,1808.65,366,September,0.202360877
5541b40f-7635-4be4-a11b-4891857f4ecb,3/17/2023,David Carter,East,Sports,2,1507.89,302.77,March,0.200790509
c821082d-bb78-4da9-9687-46187838c85e,6/10/2023,Ryan Gibson,South,Home Decor,3,415.47,68.52,June,0.164921655
35f24653-8968-451e-992c-203767941a9d,3/23/2023,Robert Casey,East,Electronics,3,1618.33,248.76,March,0.153714014
02a923d9-8ed3-48d9-a055-162c7a06b37a,9/7/2023,Erik Sullivan,South,Home Decor,2,593.12,63.81,September,0.107583626
89440eca-2ab6-4b1d-aa56-11a202b1863c,6/1/2023,David Burnett,East,Clothing,2,1171.5,141.86,June,0.121092616
4b2903f3-7d2c-4e7e-b59a-ca2086565c4d,7/26/2023,Kimberly Patrick,North,Sports,9,1801.97,317.51,July,0.176201602
b9ceefe7-818a-4491-8106-ac8f3108d27b,7/17/2023,Kaitlyn Mcpherson,North,Books,5,1595.26,393.55,July,0.246699598
5d7a9b36-8a6f-49b4-b534-520480e50365,8/3/2023,Jacob Lewis,North,Groceries,9,120.9,11.44,August,0.094623656
431d69d8-8fc7-401c-a0a8-2395fd8d2a1e,5/1/2023,Beth Fitzpatrick,East,Sports,9,1770.6,180.29,May,0.10182424
e6cd146c-6c41-4b3b-b7b9-15a89a46cb39,4/22/2023,John Shaffer,South,Clothing,4,1886.85,257.41,April,0.136423139
9c1f7a63-66b3-464d-8d49-b013cd0bdb15,5/23/2023,Kayla Brewer,East,Groceries,5,1673.62,202.9,May,0.121234211
cf517ee3-eb36-49ad-bba1-622446637bff,4/12/2023,Dean Bowen,North,Books,2,827.79,117.47,April,0.141907972
c698782e-21f8-4c27-b314-0fe939da09d5,9/15/2023,Kelly Montoya,East,Clothing,10,566.37,112.53,September,0.198686371
2a883ae1-7ca6-4633-a232-0962c7b46529,5/29/2023,John Reed,East,Electronics,7,748.87,103.35,May,0.138007932
e65964b0-8865-4ef3-b617-b69560ed3cae,12/28/2023,Christian Carlson,North,Groceries,7,768.86,176.83,December,0.229989855
dfed7404-55de-490d-b1b7-297904d67b6f,2/20/2023,Jose Myers,South,Electronics,5,725.75,167.17,February,0.230341027
ff1b17e5-b423-4475-a54a-cd13391c0603,5/16/2023,Janet Flores,South,Clothing,1,375.5,70.61,May,0.18804261
b51f93db-0125-4932-83aa-a7029dd40e6a,10/15/2023,Richard Ray Jr.,East,Groceries,9,1565.24,144.68,October,0.092433109
9203d693-614e-40bc-85f8-20871e4e7c47,12/14/2023,Tiffany Johnson,North,Clothing,1,1999.87,213.96,December,0.106986954
7cde58cd-cbda-448e-97f7-7ef92ae3f2f7,12/30/2023,Sharon Hampton,West,Groceries,10,496.92,37.93,December,0.076330194
357d7205-5b8c-4d56-b9ef-3e8f233a8aa0,2/14/2023,Cheryl Randall,North,Clothing,3,118.6,23.15,February,0.195193929
0ee7aed3-f04a-4b9d-a14b-3ebb3845b6bd,7/31/2023,Kenneth Jennings,South,Electronics,2,806.85,64.24,July,0.079618269
f8f31873-fbf2-4b96-9b62-bcf55f7656c8,4/13/2023,Lauren Castillo,South,Books,3,1960.15,397.32,April,0.202698773
0b9d0223-4054-4cb4-996f-e97d9e268ce0,9/25/2023,Joshua Parker,South,Books,9,95.69,9.18,September,0.095934789
0fdc0b68-e39d-4cce-89a5-840cacd36cc2,9/16/2023,Audrey Dyer,West,Electronics,6,1509.43,90.16,September,0.059731157
b14b9e5f-c7ca-4771-866c-73e87aae6c5f,1/19/2023,Natalie Marshall,West,Home Decor,5,1989.39,393.75,January,0.197924992
0c2c994d-650e-43fd-aac4-efcbf826db7e,5/14/2023,Jeremy Nguyen,East,Sports,10,1889.05,278.36,May,0.14735449
8b599c63-4a10-474e-9da7-43eaf38d5f86,2/22/2023,Karen Perkins,East,Home Decor,4,543.85,48.75,February,0.089638687
e9652686-ff68-4181-8196-dc5d9e88271f,8/14/2023,John Bailey,North,Groceries,5,1225.96,183.92,August,0.150021208
8a0f4fa5-b852-4133-b2e4-54ecf7e39094,9/13/2023,Clinton Bruce Jr.,East,Clothing,6,1090.07,205.03,September,0.188088838
f9c42258-1e44-4a98-b5e3-c06b68b156a2,6/8/2023,Kenneth Scott,East,Groceries,5,1058.5,219.61,June,0.207472839
948fa23c-39db-4de7-9c93-ee55cdccdc66,6/19/2023,Courtney Bishop,West,Groceries,10,221.73,16.45,June,0.074189329
58121bee-f789-4518-bc99-f0b062877b09,4/9/2023,Richard Torres,East,Sports,3,633.19,75.43,April,0.11912696
c0c8489e-b7bb-4608-b731-b449f7f38542,11/25/2023,April Green,West,Groceries,6,1887.27,370.11,November,0.196108665
b3884ab6-8df7-4120-a4c8-66ba85bb98a2,1/27/2023,Chad Nguyen,North,Clothing,10,1972.92,221.15,January,0.112092736
f29fb90e-e54d-4fb5-a205-163efd9e77ff,2/1/2023,Timothy Nelson,West,Electronics,8,660.55,151.96,February,0.230050715
03b160ea-eb1e-4e48-9dce-ca8827cdf6d1,6/20/2023,Samantha Gonzales,North,Books,5,1821.23,407.49,June,0.223744393
d0982437-5c14-4299-8404-73fbce931f81,8/27/2023,Jennifer Clark,West,Clothing,5,322.66,71.06,August,0.220231823
0c89f318-2e22-465c-bbac-cdefef16d9ad,11/2/2023,Erica Ramos,East,Clothing,7,1586.14,292.64,November,0.184498216
dc07f940-909b-4b6c-be3f-7847525d00de,6/27/2023,Courtney Clark,North,Home Decor,7,1514.05,82.74,June,0.054648129
e5afeba5-9cc2-4e54-8016-bf225a56de70,7/7/2023,Grant Silva,West,Books,6,356.06,30.66,July,0.086109083
1abb2b4b-be99-4695-871d-7732882fb74a,9/14/2023,Kenneth Horton,East,Clothing,9,1467.95,142.51,September,0.097080963
168c3202-45d3-4f09-b8df-cadfe9ac3942,2/6/2023,Lori Andrews,North,Books,4,684.21,161.35,February,0.235819412
d3189500-377f-4e47-add8-914e54b71ee9,1/30/2023,Roy Bond,West,Sports,4,741.75,111.32,January,0.150077519
ee24e998-b9a8-4e16-bc9b-5dfd17c5c2b4,8/3/2023,Sandra Lee,West,Groceries,9,686.61,134.04,August,0.195219994
2c39222f-52ce-4c28-a32b-c098aa7c1ea3,4/11/2023,Wayne Johnson,East,Clothing,2,331.33,59.61,April,0.179911267
05a80eca-69dd-4f7f-b17e-d8203f1ca1a9,2/24/2023,Marissa Fields,East,Home Decor,6,450.55,104.55,February,0.232049717
06ebb89d-6099-4e1f-8773-44748d32d5a2,3/13/2023,William Wilson,South,Clothing,1,436.48,71.39,March,0.163558468
7c158228-804d-48e9-81f2-eda4a3764a66,11/1/2023,Cody Lee,North,Clothing,3,99.09,8.82,November,0.089009991
3fe60c84-9615-4be9-9b69-8ec79fa25586,6/10/2023,Jose Rodriguez,West,Books,2,193.05,31.68,June,0.164102564
0b28624b-5ee2-4ab3-aede-659172a98ae2,3/2/2023,Angela Reid,North,Books,2,1467.1,341.01,March,0.232438143
dd978cd2-3016-4e5b-b3eb-3cf4d96bab49,5/26/2023,Jenny Welch,North,Books,8,1224.14,84.35,May,0.068905517
7f292f48-045d-4a1f-b368-f569eb261f65,10/10/2023,Dr. Eric Hunter,West,Electronics,4,1338.23,93.3,October,0.069718957
f0991088-4a2f-47e2-9cb7-378332657763,11/13/2023,Kristin Barnes,North,Groceries,1,1916.68,125.09,November,0.065263894
0d100f2e-a2a9-4b19-b355-089cd42d8dd6,10/26/2023,Shelly Turner,West,Books,6,1813.61,374.45,October,0.20646666
9e888d32-0c4b-4dfa-ad01-b7b14bc1343e,2/10/2023,Samuel Garrett,South,Books,9,55.03,11.99,February,0.217881156
cd4335de-cd1d-4781-8ed1-4276e0c6b1e0,3/28/2023,Brianna Bryant,East,Sports,3,1997.26,452.94,March,0.22678069
efa70888-5a93-4325-839b-1788bb3d5921,5/23/2023,Elizabeth Wright,South,Books,8,1319.64,226.97,May,0.171993877
d6fc07d4-f498-4cbd-90ff-1e7a3d1e9521,12/14/2023,Gabriel Jones,West,Clothing,7,926.54,102.18,December,0.110281261
a2efdb5b-f171-4ea9-a49d-997c192546e9,1/30/2023,Timothy Green,East,Home Decor,5,1817.17,235.54,January,0.129619133
8f94f05f-f4b0-4218-9c6c-d0491ad8ff4f,5/17/2023,Jennifer Armstrong,North,Groceries,8,873.33,80.37,May,0.092027069
d4ed51bd-d692-44a2-acbe-4ff616d93ae1,9/18/2023,Laura Fuller,East,Groceries,9,949.3,78.09,September,0.082260613
46c0782a-a1bb-451e-b6b1-992e3afe16a4,3/27/2023,Adriana Obrien,East,Home Decor,2,1861.23,172.8,March,0.09284183
ecaf90c4-83b9-453e-a34c-57912aa48217,5/19/2023,Bryan Howard,South,Groceries,4,1706.22,412.57,May,0.241803519
fd9e08fc-be41-4a56-bf09-c01385bdffb1,3/25/2023,William Johnson,South,Clothing,7,939.53,223.79,March,0.238193565
bc8065f5-4717-4938-b719-28d28f64d801,12/29/2023,Lisa Jimenez,South,Clothing,1,1048.74,69.57,December,0.066336747
e8c7d9f1-08e0-4b59-bea5-6143989fc9ec,8/31/2023,Erin Valencia,East,Home Decor,2,138.48,28.02,August,0.202339688
8d61adb6-c93d-4d7b-bc13-51f2eced1542,6/28/2023,Erin Marshall,West,Groceries,8,818.14,109.31,June,0.13360794
b7a9588d-5f74-4d3c-b847-fe4cf409ec66,2/10/2023,Mark Stone,West,Sports,1,303.83,52.96,February,0.174308001
11417413-89f4-4ff6-8b85-4239ee7e3352,11/28/2023,Jennifer Morgan,West,Sports,1,1016.68,86.58,November,0.085159539
a255337d-7ec9-4bc5-8067-34663c1e58c7,7/25/2023,Breanna Diaz,West,Sports,6,1149.59,155.56,July,0.135317809
f8ac453c-46bc-45ea-97c7-e2b453651805,2/23/2023,Diana Thomas,East,Clothing,2,1983.66,387.18,February,0.195184659
59fb09cc-0e8d-450b-b502-ccbbff5d21eb,11/4/2023,Alexis Jones,West,Sports,4,687.04,81.13,November,0.118086283
8a589b3b-b4d3-460b-a9a0-1929c999806c,9/5/2023,Rebecca Lloyd,North,Electronics,9,553.01,72.4,September,0.130919875
880b3ff9-f4b7-461d-a172-56a8de4452be,7/24/2023,John Jennings,West,Sports,6,1303.31,266.32,July,0.204341254
251e5b95-868d-4e21-b5c8-68f4293f7a05,9/15/2023,George Brooks,South,Clothing,8,1779.81,151.9,September,0.085346189
752ae18a-91a0-4c95-ac10-3bd31e0350fa,10/17/2023,Janet Johnson,South,Clothing,4,1495.79,98.86,October,0.066092165
861f876b-2b70-4c1b-884e-3e3bb895aaf3,8/21/2023,Zachary Brown,West,Groceries,7,94.73,22.27,August,0.235089201
d7c6dbbc-7722-4ef6-9bfd-dc59eadd6fc5,3/15/2023,Jared Gonzalez,North,Books,2,1944.08,390.62,March,0.200927945
948e40eb-1fe4-4d64-aace-1c9a1c598fa1,12/17/2023,Troy Jenkins,South,Books,5,1017.11,202.81,December,0.199398295
081116e5-a4c0-4de0-9b94-82ed19691d41,6/12/2023,Spencer Carlson,North,Sports,7,350.54,20.47,June,0.058395618
4929768b-d5e2-4c74-a2d7-1432808e83a9,10/31/2023,Jacob Schneider,East,Electronics,3,1864.32,403.99,October,0.216695632
1bb95696-2ce3-446b-96e8-149b93dd0df4,9/18/2023,Brian Hunt,North,Electronics,2,1685.04,212.84,September,0.126311542
f5abdb11-3ff0-497a-a1f9-8f232e4e8052,9/24/2023,Tiffany Schroeder,West,Groceries,6,1941.77,355.87,September,0.183270933
74d52980-32ac-4612-8fc5-449674ab4658,8/18/2023,Timothy Bowen,North,Sports,3,1344.57,149.94,August,0.111515206
d474ae8e-6a4c-4b4b-9222-4a535e64b288,6/29/2023,Chad Zhang,South,Clothing,5,1457.89,166.06,June,0.113904341
27957d2c-ed54-49c9-8de2-d5725244f1dc,4/20/2023,Jonathan Hampton,South,Sports,7,653.91,76.71,April,0.117309722
a4903d37-ff6b-49de-bcaf-76415864e3bb,10/23/2023,Christopher Payne,West,Books,10,320.71,46.04,October,0.143556484
40a2f403-fbb8-4582-b919-64532aff2792,10/17/2023,Matthew Johnson,South,Clothing,4,748.5,170.57,October,0.227882432
6449761d-abf3-4a7d-ab6b-d0f812f943e8,10/27/2023,Keith Benson,West,Electronics,9,536.89,84.24,October,0.156903649
2536c20e-4329-4eef-aa6d-b5baa7452ec1,2/5/2023,Ashley Donaldson,South,Home Decor,8,1150.53,135.43,February,0.117710968
e4306efe-bc54-4eb0-9996-b46abaa57f5e,9/23/2023,Michael Francis,East,Electronics,8,1501.46,180.12,September,0.119963236
a2d4870a-e360-4ea5-a600-bef84b4e2db2,12/22/2023,Dr. Nathan Thompson II,South,Home Decor,3,613.12,101.63,December,0.165758742
5d565c5e-7710-49e2-907e-c1d3d0e1fed3,12/13/2023,Traci Gonzalez,South,Clothing,8,129.91,21.52,December,0.165653144
8174b1ef-33c9-4188-8995-a1fc5f852af7,3/23/2023,Ryan Davis,South,Electronics,3,1173.77,274.68,March,0.234015182
a1c61284-5f9e-40cd-b109-f5b312be8c77,3/25/2023,Daniel Vasquez,South,Home Decor,8,1569.06,303.91,March,0.193689215
ad3fa0b6-de8a-4d76-9910-f49d83d58e09,5/23/2023,David Sherman,East,Sports,4,1768.99,260.44,May,0.147225253
eb27e179-3afc-4092-8d9c-809781ed1bab,12/25/2023,Eric Kelly,West,Books,10,1401.25,302.12,December,0.215607493
20a231f3-9eb3-414e-9b16-7354142ea869,4/16/2023,Holly Clark,South,Books,1,1832.19,241.05,April,0.131563866
daeac25a-59bd-44ba-bd13-43d986405744,1/29/2023,Brian Brown,South,Electronics,9,838.62,141.9,January,0.169206554
816c03df-3e33-4680-85c0-826ac67c6d5a,10/7/2023,Carrie Martin,South,Clothing,2,1321.66,139.66,October,0.105670142
f3cf3c33-6361-44d8-bb88-71b8dbe5f8a1,7/5/2023,Brandon Young,West,Sports,4,692.97,173,July,0.249650057
2bee670f-554e-489d-a43b-4fdd2773d160,10/14/2023,Danielle Bradford,West,Sports,2,1215.77,258.49,October,0.212614228
63b5f759-70a7-4039-a85f-e1cc65621df7,5/30/2023,Haley Patton,North,Books,2,705.62,72.7,May,0.103029959
df529b12-9810-419d-af92-f740a126c4f0,2/19/2023,Nicole Hester,East,Sports,4,1990.4,446.15,February,0.224150924
798b87b9-9954-448a-8297-29f91f883e7b,1/19/2023,Amanda Green DVM,North,Books,4,1522.53,141.23,January,0.092760077
91b2dc2c-b261-42e2-b2d9-a36e2174cdce,11/18/2023,Crystal Allen,East,Groceries,5,482.19,103.31,November,0.214251644
ecf5b4ff-636f-4f85-8cb6-17778ec10d46,9/15/2023,Duane Le,East,Groceries,1,1281.43,198.5,September,0.154905067
c5633369-7495-47e1-a2c3-8e54d20dc312,1/20/2023,Kristen Fox,East,Clothing,10,1725.05,326.96,January,0.189536535
bb279fa3-d673-4dfb-8bcc-3da51653a80b,12/1/2023,Stephanie Young,South,Sports,8,279.18,30.92,December,0.110752919
ed509b48-1563-47d9-b574-2884d5456769,5/15/2023,Danielle Lee,South,Books,2,557.89,90.47,May,0.162164584
c0862c36-db22-4d7d-ae06-6b6c7b8eded1,2/10/2023,Justin Flores,North,Sports,9,1590.61,238.11,February,0.149697286
f757c090-9f62-4663-948c-99c8b97f608e,6/29/2023,Brenda Turner,North,Books,5,562.04,105.03,June,0.18687282
e02856bd-992c-4bc2-9a7a-d04f22d21847,4/18/2023,Brittany Kelley,North,Books,7,934.65,114.16,April,0.122141978
d5852a16-c313-474b-ae9b-54fe51206bb8,5/12/2023,Kristen Wagner,North,Groceries,9,132.69,8.84,May,0.066621448
723437bf-2c48-4008-910d-f8627320132a,6/23/2023,Laura Herman,South,Groceries,10,1769.23,231.25,June,0.130706579
c03da5df-f75d-4892-9b7b-b109d01b7f9d,6/11/2023,Ashley Hanson,West,Home Decor,7,758.98,83.45,June,0.109950196
a2eff77c-ae0b-4964-addb-6017d049fc68,9/4/2023,Matthew Thomas,North,Electronics,8,908.84,57.17,September,0.062904362
68a553b8-c2a0-4573-97f9-8b953a54b955,8/4/2023,Kayla White,North,Clothing,8,1070.94,128.06,August,0.119577194
3178d8c2-185a-4334-9979-16e0685c8595,9/21/2023,Cole Whitehead,West,Books,7,334.38,44.52,September,0.133141934
345d7816-00ed-4229-b6b5-4cde62340b21,11/29/2023,Kenneth Daniels,North,Home Decor,3,364.38,90.73,November,0.248998298
6eae7cf6-2691-46b5-a135-eddaa03ab089,1/19/2023,Eric Reed,North,Electronics,3,971.13,48.73,January,0.050178658
f9d0756f-9d3c-4f95-ae03-8c4b68bb7758,4/16/2023,Christopher Mercado,East,Electronics,8,863.04,117.19,April,0.135787449
d8e85173-9e8f-4a12-8253-10414f6d20bb,9/19/2023,Michael Liu,East,Home Decor,3,312.2,46.62,September,0.149327354
ec54a63d-c5d4-4f0f-9228-d6c733673536,9/18/2023,Daniel Rodriguez,South,Home Decor,1,796.1,196.76,September,0.24715488
fa294b11-d732-4518-8ab2-98e94c690a94,6/14/2023,Diana Wilkerson,North,Groceries,9,540.9,58.21,June,0.107616935
16d4287e-6c18-4c28-9284-cc1180439a67,8/26/2023,Tina Smith,East,Groceries,8,1794.86,252.93,August,0.140919069
89e3e116-01b6-4594-89b3-01616836fa8f,6/24/2023,Joshua Thomas,West,Home Decor,10,512.72,104.69,June,0.20418552
50c3fd54-bd78-41c1-a7d4-15e150c72ce8,9/18/2023,Alexa Mitchell,West,Electronics,2,729.97,96.62,September,0.132361604
2b3d5826-28c4-4706-814a-c07f596803e9,10/21/2023,Timothy Green,North,Electronics,4,1287.12,189.42,October,0.147165765
a346e5ed-4a6e-4c95-8641-0236d87481a2,12/2/2023,Crystal Gilmore,East,Sports,4,1274.81,144.07,December,0.11301292
9e201b1c-345b-463c-99af-6eabfcd18e4e,9/18/2023,Mr. Anthony Wood Jr.,East,Home Decor,3,1848.71,441.36,September,0.238739445
3f4abad4-0edf-4c50-b219-4ca9c66a764d,10/22/2023,Victoria Moore,East,Home Decor,1,1179.14,116.81,October,0.099063724
